"exchange_id","seq","rate","amount","order_type","created_time"
"BTX","1","0.08360000","2.71357131","ask","2017-10-05 11:17:10"
"BTX","2","0.08360000","2.71357131","ask","2017-10-05 11:17:15"
"BTX","3","0.08360000","2.71357131","ask","2017-10-05 11:17:21"
"BTX","4","0.08360000","2.71357131","ask","2017-10-05 11:17:27"
"BTX","5","0.08360000","2.71357131","ask","2017-10-05 11:17:33"
"BTX","6","0.08360000","2.71357131","ask","2017-10-05 11:17:38"
"BTX","7","0.08360000","2.71357131","ask","2017-10-05 11:17:43"
"BTX","8","0.08360000","2.76467566","ask","2017-10-05 11:17:49"
"BTX","9","0.08360000","2.76467566","ask","2017-10-05 11:17:53"
"BTX","10","0.08360000","2.76467566","ask","2017-10-05 11:17:57"
"BTX","11","0.08360000","2.76467566","ask","2017-10-05 11:18:01"
"BTX","12","0.08360000","2.76467566","ask","2017-10-05 11:18:05"
"BTX","13","0.08360000","2.76467566","ask","2017-10-05 11:18:09"
"BTX","14","0.08360000","2.76467566","ask","2017-10-05 11:18:13"
"BTX","15","0.08360000","2.76467566","ask","2017-10-05 11:18:17"
"BTX","16","0.08360000","2.76467566","ask","2017-10-05 11:18:22"
"BTX","17","0.08360000","2.76467566","ask","2017-10-05 11:18:26"
"BTX","18","0.08360000","2.76467566","ask","2017-10-05 11:18:30"
"BTX","19","0.08360000","2.76467566","ask","2017-10-05 11:18:35"
"BTX","20","0.08360000","2.76467566","ask","2017-10-05 11:18:40"
"BTX","21","0.08374999","5.78633559","ask","2017-10-05 11:18:46"
"BTX","22","0.08374999","5.78633559","ask","2017-10-05 11:18:50"
"BTX","23","0.08374999","5.78633559","ask","2017-10-05 11:18:56"
"BTX","24","0.08374999","5.78633559","ask","2017-10-05 11:19:00"
"BTX","25","0.08374999","5.78633559","ask","2017-10-05 11:19:04"
"BTX","26","0.08374999","5.78633559","ask","2017-10-05 11:19:08"
"BTX","27","0.08374999","5.78633559","ask","2017-10-05 11:19:12"
"BTX","28","0.08374999","5.78633559","ask","2017-10-05 11:19:17"
"BTX","29","0.08374998","2.34100000","ask","2017-10-05 11:19:22"
"BTX","30","0.08374998","2.34100000","ask","2017-10-05 11:19:26"
"BTX","31","0.08374998","2.34100000","ask","2017-10-05 11:19:30"
"BTX","32","0.08374998","2.34100000","ask","2017-10-05 11:19:34"
"BTX","33","0.08374998","2.34100000","ask","2017-10-05 11:19:38"
"BTX","34","0.08351639","3.45203948","ask","2017-10-05 11:19:42"
"BTX","35","0.08351639","3.45203948","ask","2017-10-05 11:19:46"
"BTX","36","0.08351639","3.45203948","ask","2017-10-05 11:19:50"
"BTX","37","0.08351639","3.45203948","ask","2017-10-05 11:19:55"
"BTX","38","0.08351639","3.45203948","ask","2017-10-05 11:20:03"
"BTX","39","0.08351639","3.45203948","ask","2017-10-05 11:20:09"
"BTX","40","0.08351639","3.45203948","ask","2017-10-05 11:20:13"
"BTX","41","0.08351639","3.32276030","ask","2017-10-05 11:20:17"
"BTX","42","0.08351639","3.32276030","ask","2017-10-05 11:20:21"
"BTX","43","0.08351639","3.32276030","ask","2017-10-05 11:20:25"
"BTX","44","0.08351639","3.32276030","ask","2017-10-05 11:20:34"
"BTX","45","0.08351639","3.32276030","ask","2017-10-05 11:20:38"
"BTX","46","0.08351639","3.32276030","ask","2017-10-05 11:20:43"
"BTX","47","0.08351639","3.32276030","ask","2017-10-05 11:20:47"
"BTX","48","0.08351639","3.32276030","ask","2017-10-05 11:20:51"
"BTX","49","0.08351639","3.32276030","ask","2017-10-05 11:20:55"
"BTX","50","0.08351639","3.32276030","ask","2017-10-05 11:21:00"
"BTX","51","0.08351639","3.32276030","ask","2017-10-05 11:21:04"
"BTX","52","0.08351639","3.32276030","ask","2017-10-05 11:21:08"
"BTX","53","0.08351639","3.32276030","ask","2017-10-05 11:21:13"
"BTX","54","0.08351639","3.32276030","ask","2017-10-05 11:21:21"
"BTX","55","0.08351639","3.32276030","ask","2017-10-05 11:21:26"
"BTX","56","0.08351639","3.32276030","ask","2017-10-05 11:21:30"
"BTX","57","0.08351639","3.32276030","ask","2017-10-05 11:21:34"
"BTX","58","0.08351639","3.32276030","ask","2017-10-05 11:21:40"
"BTX","59","0.08351639","3.32276030","ask","2017-10-05 11:21:44"
"BTX","60","0.08351639","3.32276030","ask","2017-10-05 11:21:48"
"BTX","61","0.08351639","3.32276030","ask","2017-10-05 11:21:54"
"BTX","62","0.08351639","3.32276030","ask","2017-10-05 11:21:58"
"BTX","63","0.08351639","3.32276030","ask","2017-10-05 11:22:03"
"BTX","64","0.08351639","3.32276030","ask","2017-10-05 11:22:07"
"BTX","65","0.08351638","2.84661857","ask","2017-10-05 11:22:12"
"BTX","66","0.08351638","2.84661857","ask","2017-10-05 11:22:16"
"BTX","67","0.08320000","6.81665186","ask","2017-10-05 11:22:20"
"BTX","68","0.08320000","0.68165186","ask","2017-10-05 11:22:25"
"BTX","69","0.08351639","3.21654930","ask","2017-10-05 11:22:32"
"BTX","70","0.08351639","3.21654930","ask","2017-10-05 11:22:39"
"BTX","71","0.08351639","3.21654930","ask","2017-10-05 11:22:44"
"BTX","72","0.08351639","6.21654930","ask","2017-10-05 11:22:48"
"BTX","73","0.08351639","6.21654930","ask","2017-10-05 11:22:52"
"BTX","74","0.08351639","6.21654930","ask","2017-10-05 11:22:56"
"BTX","75","0.08351639","6.21654930","ask","2017-10-05 11:23:00"
"BTX","76","0.08351639","6.21654930","ask","2017-10-05 11:23:04"
"BTX","77","0.08351639","6.21654930","ask","2017-10-05 11:23:10"
"BTX","78","0.08351639","6.21654930","ask","2017-10-05 11:23:14"
"BTX","79","0.08351639","6.21654930","ask","2017-10-05 11:23:18"
"BTX","80","0.08351639","6.21654930","ask","2017-10-05 11:23:26"
"BTX","81","0.08351639","6.21654930","ask","2017-10-05 11:23:30"
"BTX","82","0.08351639","6.21654930","ask","2017-10-05 11:23:34"
"BTX","83","0.08351639","6.21654930","ask","2017-10-05 11:23:38"
"BTX","84","0.08351639","6.21654930","ask","2017-10-05 11:23:43"
"BTX","85","0.08351639","6.21654930","ask","2017-10-05 11:23:48"
"BTX","86","0.08351639","6.61654930","ask","2017-10-05 11:23:52"
"BTX","87","0.08351639","6.61654930","ask","2017-10-05 11:23:56"
"BTX","88","0.08351639","6.61654930","ask","2017-10-05 11:24:01"
"BTX","89","0.08351639","6.61654930","ask","2017-10-05 11:24:05"
"BTX","90","0.08351639","6.61654930","ask","2017-10-05 11:24:10"
"BTX","91","0.08351639","6.61654930","ask","2017-10-05 11:24:18"
"BTX","92","0.08351638","0.17129925","ask","2017-10-05 11:24:24"
"BTX","93","0.08351638","0.35267115","ask","2017-10-05 11:24:28"
"BTX","94","0.08351638","0.35267115","ask","2017-10-05 11:24:32"
"BTX","95","0.08351638","0.35267115","ask","2017-10-05 11:24:36"
"BTX","96","0.08351638","0.35267115","ask","2017-10-05 11:24:40"
"BTX","97","0.08351638","0.17129925","ask","2017-10-05 11:24:43"
"BTX","98","0.08351638","0.15473982","ask","2017-10-05 11:24:48"
"BTX","99","0.08351638","0.15473982","ask","2017-10-05 11:24:52"
"BTX","100","0.08351638","0.15473982","ask","2017-10-05 11:24:56"
"BTX","101","0.08351638","0.33611172","ask","2017-10-05 11:25:01"
"BTX","102","0.08351638","0.33611172","ask","2017-10-05 11:25:05"
"BTX","103","0.08351638","0.33611172","ask","2017-10-05 11:25:09"
"BTX","104","0.08351638","0.33611172","ask","2017-10-05 11:25:13"
"BTX","105","0.08351638","0.33611172","ask","2017-10-05 11:25:17"
"BTX","106","0.08351638","0.41988265","ask","2017-10-05 11:25:21"
"BTX","107","0.08351638","0.41988265","ask","2017-10-05 11:25:25"
"BTX","108","0.08351638","0.41988265","ask","2017-10-05 11:25:30"
"BTX","109","0.08351638","0.41988265","ask","2017-10-05 11:25:35"
"BTX","110","0.08351600","0.57438037","ask","2017-10-05 11:25:39"
"BTX","111","0.08351600","0.57438037","ask","2017-10-05 11:25:44"
"BTX","112","0.08351600","0.57438037","ask","2017-10-05 11:25:47"
"BTX","113","0.08351600","0.57438037","ask","2017-10-05 11:25:51"
"BTX","114","0.08351600","0.57438037","ask","2017-10-05 11:25:55"
"BTX","115","0.08351600","0.57438037","ask","2017-10-05 11:25:59"
"BTX","116","0.08351600","0.57438037","ask","2017-10-05 11:26:03"
"BTX","117","0.08351600","0.57438037","ask","2017-10-05 11:26:07"
"BTX","118","0.08351600","0.57438037","ask","2017-10-05 11:26:12"
"BTX","119","0.08351600","0.57438037","ask","2017-10-05 11:26:16"
"BTX","120","0.08351600","0.57438037","ask","2017-10-05 11:26:20"
"BTX","121","0.08351600","0.45494129","ask","2017-10-05 11:26:25"
"BTX","122","0.08351600","0.45494129","ask","2017-10-05 11:26:28"
"BTX","123","0.08351600","0.45494129","ask","2017-10-05 11:26:32"
"BTX","124","0.08351600","0.45494129","ask","2017-10-05 11:26:37"
"BTX","125","0.08351600","0.45494129","ask","2017-10-05 11:26:41"
"BTX","126","0.08351600","0.45494129","ask","2017-10-05 11:26:45"
"BTX","127","0.08351600","0.45494129","ask","2017-10-05 11:26:49"
"BTX","128","0.08351600","0.45494129","ask","2017-10-05 11:26:53"
"BTX","129","0.08351600","0.45494129","ask","2017-10-05 11:26:57"
"BTX","130","0.08351600","0.45494129","ask","2017-10-05 11:27:04"
"BTX","131","0.08351600","0.45494129","ask","2017-10-05 11:27:10"
"BTX","132","0.08351600","0.45494129","ask","2017-10-05 11:27:19"
"BTX","133","0.08351600","0.45494129","ask","2017-10-05 11:27:27"
"BTX","134","0.08351600","0.45494129","ask","2017-10-05 11:27:31"
"BTX","135","0.08351638","1.48715734","ask","2017-10-05 11:27:35"
"BTX","136","0.08351638","1.48715734","ask","2017-10-05 11:27:39"
"BTX","137","0.08351638","1.48715734","ask","2017-10-05 11:27:42"
"BTX","138","0.08351638","1.48715734","ask","2017-10-05 11:27:46"
"BTX","139","0.08351638","1.48715734","ask","2017-10-05 11:27:51"
"BTX","140","0.08351600","0.05626857","ask","2017-10-05 11:27:55"
"BTX","141","0.08351600","0.05626857","ask","2017-10-05 11:27:59"
"BTX","142","0.08351600","0.05626857","ask","2017-10-05 11:28:03"
"BTX","143","0.08351600","0.05626857","ask","2017-10-05 11:28:09"
"BTX","144","0.08351600","0.05626857","ask","2017-10-05 11:28:13"
"BTX","145","0.08351600","0.05626857","ask","2017-10-05 11:28:17"
"BTX","146","0.08350000","1.32000000","ask","2017-10-05 11:28:22"
"BTX","147","0.08350000","1.32000000","ask","2017-10-05 11:28:26"
"BTX","148","0.08350000","1.32000000","ask","2017-10-05 11:28:31"
"BTX","149","0.08350000","1.32000000","ask","2017-10-05 11:28:35"
"BTX","150","0.08350000","1.32000000","ask","2017-10-05 11:28:39"
"BTX","151","0.08387000","3.00000000","ask","2017-10-05 11:28:43"
"BTX","152","0.08386997","7.45400000","ask","2017-10-05 11:28:47"
"BTX","153","0.08386992","7.45400000","ask","2017-10-05 11:28:51"
"BTX","154","0.08386989","7.45370000","ask","2017-10-05 11:28:55"
"BTX","155","0.08386984","36.70460000","ask","2017-10-05 11:29:01"
"BTX","156","0.08376985","29.13000000","ask","2017-10-05 11:29:14"
"BTX","157","0.08376983","18.60354000","ask","2017-10-05 11:29:18"
"BTX","158","0.08376982","28.86000000","ask","2017-10-05 11:29:23"
"BTX","159","0.08376980","27.66000000","ask","2017-10-05 11:29:27"
"BTX","160","0.08376980","27.66000000","ask","2017-10-05 11:29:36"
"BTX","161","0.08376976","29.79000000","ask","2017-10-05 11:29:40"
"BTX","162","0.08376973","14.59900000","ask","2017-10-05 11:29:46"
"BTX","163","0.08366991","11.03467106","ask","2017-10-05 11:29:51"
"BTX","164","0.08366991","11.03467106","ask","2017-10-05 11:29:56"
"BTX","165","0.08366991","11.03467106","ask","2017-10-05 11:30:00"
"BTX","166","0.08366991","11.03467106","ask","2017-10-05 11:30:04"
"BTX","167","0.08329294","0.24119600","ask","2017-10-05 11:30:08"
"BTX","168","0.08329294","0.11619600","ask","2017-10-05 11:30:14"
"BTX","169","0.08329294","0.11619600","ask","2017-10-05 11:30:18"
"BTX","170","0.08329294","0.11619600","ask","2017-10-05 11:30:23"
"BTX","171","0.08329294","0.11619600","ask","2017-10-05 11:30:27"
"BTX","172","0.08366991","11.03467106","ask","2017-10-05 11:30:31"
"BTX","173","0.08366991","11.03467106","ask","2017-10-05 11:30:36"
"BTX","174","0.08366991","11.03467106","ask","2017-10-05 11:30:40"
"BTX","175","0.08366991","11.03467106","ask","2017-10-05 11:30:44"
"BTX","176","0.08366991","11.03467106","ask","2017-10-05 11:30:48"
"BTX","177","0.08366991","11.03467106","ask","2017-10-05 11:30:54"
"BTX","178","0.08366991","11.03467106","ask","2017-10-05 11:30:58"
"BTX","179","0.08366991","11.03467106","ask","2017-10-05 11:31:03"
"BTX","180","0.08366991","11.03467106","ask","2017-10-05 11:31:07"
"BTX","181","0.08366991","11.03467106","ask","2017-10-05 11:31:12"
"BTX","182","0.08366991","11.03467106","ask","2017-10-05 11:31:17"
"BTX","183","0.08366991","11.03467106","ask","2017-10-05 11:31:23"
"BTX","184","0.08366991","13.04573690","ask","2017-10-05 11:31:27"
"BTX","185","0.08366991","13.04573690","ask","2017-10-05 11:31:31"
"BTX","186","0.08366991","13.04573690","ask","2017-10-05 11:31:36"
"BTX","187","0.08340000","300.00000000","ask","2017-10-05 11:31:40"
"BTX","188","0.08340000","300.00000000","ask","2017-10-05 11:31:44"
"BTX","189","0.08340000","300.00000000","ask","2017-10-05 11:31:48"
"BTX","190","0.08340000","300.00000000","ask","2017-10-05 11:31:53"
"BTX","191","0.08340000","300.00000000","ask","2017-10-05 11:32:03"
"BTX","192","0.08340000","300.00000000","ask","2017-10-05 11:32:07"
"BTX","193","0.08340000","300.00000000","ask","2017-10-05 11:32:12"
"BTX","194","0.08340000","300.00000000","ask","2017-10-05 11:32:17"
"BTX","195","0.08340000","300.00000000","ask","2017-10-05 11:32:21"
"BTX","196","0.08340000","300.00000000","ask","2017-10-05 11:32:25"
"BTX","197","0.08340000","300.00000000","ask","2017-10-05 11:32:29"
"BTX","198","0.08340000","300.00000000","ask","2017-10-05 11:32:33"
"BTX","199","0.08340000","300.00000000","ask","2017-10-05 11:32:47"
"BTX","200","0.08340000","300.00000000","ask","2017-10-05 11:32:53"
"BTX","201","0.08340000","300.00000000","ask","2017-10-05 11:32:56"
"BTX","202","0.08340000","282.27000000","ask","2017-10-05 11:33:01"
"BTX","203","0.08340000","282.27000000","ask","2017-10-05 11:33:05"
"BTX","204","0.08340000","281.43530000","ask","2017-10-05 11:33:09"
"BTX","205","0.08340000","280.93434624","ask","2017-10-05 11:33:13"
"BTX","206","0.08340000","278.59904624","ask","2017-10-05 11:33:24"
"BTX","207","0.08340000","273.62380508","ask","2017-10-05 11:33:30"
"BTX","208","0.08340000","263.90919775","ask","2017-10-05 11:33:36"
"BTX","209","0.08340000","257.46289764","ask","2017-10-05 11:33:43"
"BTX","210","0.08320000","7.25789674","ask","2017-10-05 11:33:47"
"BTX","211","0.08320000","5.65504300","ask","2017-10-05 11:33:51"
"BTX","212","0.08340000","257.46289764","ask","2017-10-05 11:33:57"
"BTX","213","0.08340000","257.46289764","ask","2017-10-05 11:34:02"
"BTX","214","0.08322000","2.52728322","ask","2017-10-05 11:34:09"
"BTX","215","0.08340000","252.87893820","ask","2017-10-05 11:34:14"
"BTX","216","0.08340000","252.87893820","ask","2017-10-05 11:34:18"
"BTX","217","0.08340000","250.86787236","ask","2017-10-05 11:34:22"
"BTX","218","0.08340000","250.86787236","ask","2017-10-05 11:34:27"
"BTX","219","0.08340000","250.86787236","ask","2017-10-05 11:34:31"
"BTX","220","0.08340000","246.21586936","ask","2017-10-05 11:34:36"
"BTX","221","0.08340000","246.21586936","ask","2017-10-05 11:34:40"
"BTX","222","0.08340000","246.21586936","ask","2017-10-05 11:34:44"
"BTX","223","0.08340000","246.21586936","ask","2017-10-05 11:34:49"
"BTX","224","0.08340000","245.26513520","ask","2017-10-05 11:34:54"
"BTX","225","0.08340000","244.26093520","ask","2017-10-05 11:34:58"
"BTX","226","0.08340000","244.26093520","ask","2017-10-05 11:35:02"
"BTX","227","0.08340000","244.26093520","ask","2017-10-05 11:35:07"
"BTX","228","0.08340000","244.26093520","ask","2017-10-05 11:35:12"
"BTX","229","0.08340000","244.26093520","ask","2017-10-05 11:35:18"
"BTX","230","0.08340000","244.26093520","ask","2017-10-05 11:35:23"
"BTX","231","0.08340000","244.26093520","ask","2017-10-05 11:35:28"
"BTX","232","0.08340000","242.65578537","ask","2017-10-05 11:35:32"
"BTX","233","0.08340000","242.65578537","ask","2017-10-05 11:35:37"
"BTX","234","0.08340000","242.65578537","ask","2017-10-05 11:35:40"
"BTX","235","0.08340000","242.65578537","ask","2017-10-05 11:35:45"
"BTX","236","0.08340000","242.65578537","ask","2017-10-05 11:35:49"
"BTX","237","0.08340000","228.65578537","ask","2017-10-05 11:35:53"
"BTX","238","0.08340000","227.46224460","ask","2017-10-05 11:36:00"
"BTX","239","0.08338283","11.03467106","ask","2017-10-05 11:36:04"
"BTX","240","0.08338283","11.03467106","ask","2017-10-05 11:36:09"
"BTX","241","0.08338283","9.96437106","ask","2017-10-05 11:36:13"
"BTX","242","0.08338283","9.96437106","ask","2017-10-05 11:36:18"
"BTX","243","0.08338283","8.61637172","ask","2017-10-05 11:36:22"
"BTX","244","0.08338283","4.45837172","ask","2017-10-05 11:36:26"
"BTX","245","0.08338283","4.45837172","ask","2017-10-05 11:36:30"
"BTX","246","0.08338283","4.45837172","ask","2017-10-05 11:36:34"
"BTX","247","0.08338283","4.45837172","ask","2017-10-05 11:36:38"
"BTX","248","0.08338283","4.45837172","ask","2017-10-05 11:36:42"
"BTX","249","0.08340000","220.79371632","ask","2017-10-05 11:36:48"
"BTX","250","0.08340000","220.79371632","ask","2017-10-05 11:36:53"
"BTX","251","0.08340000","220.79371632","ask","2017-10-05 11:36:57"
"BTX","252","0.08340000","220.79371632","ask","2017-10-05 11:37:02"
"BTX","253","0.08340000","220.79371632","ask","2017-10-05 11:37:06"
"BTX","254","0.08340000","220.79371632","ask","2017-10-05 11:37:10"
"BTX","255","0.08340000","220.79371632","ask","2017-10-05 11:37:15"
"BTX","256","0.08340000","220.79371632","ask","2017-10-05 11:37:18"
"BTX","257","0.08340000","220.79371632","ask","2017-10-05 11:37:23"
"BTX","258","0.08340000","220.19821632","ask","2017-10-05 11:37:27"
"BTX","259","0.08340000","220.19821632","ask","2017-10-05 11:37:31"
"BTX","260","0.08340000","220.19821632","ask","2017-10-05 11:37:34"
"BTX","261","0.08340000","219.60301632","ask","2017-10-05 11:37:39"
"BTX","262","0.08340000","219.60301632","ask","2017-10-05 11:37:44"
"BTX","263","0.08340000","219.60301632","ask","2017-10-05 11:37:48"
"BTX","264","0.08340000","210.78281633","ask","2017-10-05 11:37:52"
"BTX","265","0.08340000","210.78281633","ask","2017-10-05 11:37:55"
"BTX","266","0.08340000","210.78281633","ask","2017-10-05 11:38:00"
"BTX","267","0.08340000","210.78281633","ask","2017-10-05 11:38:05"
"BTX","268","0.08340000","210.78281633","ask","2017-10-05 11:38:09"
"BTX","269","0.08340000","210.78281633","ask","2017-10-05 11:38:13"
"BTX","270","0.08340000","210.78281633","ask","2017-10-05 11:38:18"
"BTX","271","0.08340000","210.78281633","ask","2017-10-05 11:38:22"
"BTX","272","0.08340000","210.78281633","ask","2017-10-05 11:38:26"
"BTX","273","0.08340000","210.51131633","ask","2017-10-05 11:38:30"
"BTX","274","0.08340000","210.51131633","ask","2017-10-05 11:38:35"
"BTX","275","0.08340000","210.51131633","ask","2017-10-05 11:38:39"
"BTX","276","0.08340000","209.43912125","ask","2017-10-05 11:38:44"
"BTX","277","0.08340000","209.43912125","ask","2017-10-05 11:38:53"
"BTX","278","0.08340000","203.47462125","ask","2017-10-05 11:38:57"
"BTX","279","0.08340000","203.47462125","ask","2017-10-05 11:39:04"
"BTX","280","0.08340000","187.65883069","ask","2017-10-05 11:39:09"
"BTX","281","0.08340000","187.65883069","ask","2017-10-05 11:39:13"
"BTX","282","0.08340000","187.65883069","ask","2017-10-05 11:39:18"
"BTX","283","0.08340000","183.25143069","ask","2017-10-05 11:39:23"
"BTX","284","0.08340000","183.25143069","ask","2017-10-05 11:39:27"
"BTX","285","0.08340000","172.54143069","ask","2017-10-05 11:39:30"
"BTX","286","0.08340000","144.11705884","ask","2017-10-05 11:39:39"
"BTX","287","0.08340000","136.27595884","ask","2017-10-05 11:39:44"
"BTX","288","0.08340000","133.40895884","ask","2017-10-05 11:39:48"
"BTX","289","0.08340000","133.40895884","ask","2017-10-05 11:39:52"
"BTX","290","0.08340000","133.40895884","ask","2017-10-05 11:39:56"
"BTX","291","0.08340000","133.40895884","ask","2017-10-05 11:40:02"
"BTX","292","0.08340000","133.40895884","ask","2017-10-05 11:40:06"
"BTX","293","0.08340000","133.40895884","ask","2017-10-05 11:40:14"
"BTX","294","0.08340000","133.40895884","ask","2017-10-05 11:40:18"
"BTX","295","0.08340000","133.40895884","ask","2017-10-05 11:40:22"
"BTX","296","0.08340000","133.40895884","ask","2017-10-05 11:40:26"
"BTX","297","0.08340000","133.40895884","ask","2017-10-05 11:40:30"
"BTX","298","0.08340000","133.40895884","ask","2017-10-05 11:40:34"
"BTX","299","0.08340000","133.40895884","ask","2017-10-05 11:40:38"
"BTX","300","0.08339000","0.07644732","ask","2017-10-05 11:40:43"
"BTX","301","0.08339000","0.07644732","ask","2017-10-05 11:40:49"
"BTX","302","0.08339000","3.07644732","ask","2017-10-05 11:40:53"
"BTX","303","0.08339000","3.00000000","ask","2017-10-05 11:40:58"
"BTX","304","0.08339000","3.00000000","ask","2017-10-05 11:41:02"
"BTX","305","0.08339000","3.00000000","ask","2017-10-05 11:41:07"
"BTX","306","0.08340000","131.31705014","ask","2017-10-05 11:41:10"
"BTX","307","0.08340000","131.31705014","ask","2017-10-05 11:41:15"
"BTX","308","0.08339900","0.07644732","ask","2017-10-05 11:41:20"
"BTX","309","0.08339900","0.07644732","ask","2017-10-05 11:41:24"
"BTX","310","0.08339000","2.31534103","ask","2017-10-05 11:41:28"
"BTX","311","0.08339000","1.36194103","ask","2017-10-05 11:41:35"
"BTX","312","0.08339000","1.36194103","ask","2017-10-05 11:41:40"
"BTX","313","0.08339000","1.36194103","ask","2017-10-05 11:41:44"
"BTX","314","0.08339000","1.36194103","ask","2017-10-05 11:41:49"
"BTX","315","0.08339000","1.36194103","ask","2017-10-05 11:41:54"
"BTX","316","0.08339000","1.36194103","ask","2017-10-05 11:42:04"
"BTX","317","0.08339000","1.36194103","ask","2017-10-05 11:42:08"
"BTX","318","0.08339000","1.36194103","ask","2017-10-05 11:42:12"
"BTX","319","0.08339000","1.36194103","ask","2017-10-05 11:42:16"
"BTX","320","0.08339000","1.36194103","ask","2017-10-05 11:42:20"
"BTX","321","0.08339000","1.36194103","ask","2017-10-05 11:42:24"
"BTX","322","0.08339000","1.36194103","ask","2017-10-05 11:42:28"
"BTX","323","0.08339000","1.36194103","ask","2017-10-05 11:42:33"
"BTX","324","0.08339000","1.36194103","ask","2017-10-05 11:42:37"
"BTX","325","0.08339000","1.36194103","ask","2017-10-05 11:42:41"
"BTX","326","0.08339000","1.36194103","ask","2017-10-05 11:42:47"
"BTX","327","0.08339000","1.36194103","ask","2017-10-05 11:42:51"
"BTX","328","0.08339000","1.36194103","ask","2017-10-05 11:42:55"
"BTX","329","0.08339000","1.36194103","ask","2017-10-05 11:42:58"
"BTX","330","0.08339000","1.36194103","ask","2017-10-05 11:43:04"
"BTX","331","0.08339000","1.36194103","ask","2017-10-05 11:43:08"
"BTX","332","0.08339000","1.36194103","ask","2017-10-05 11:43:12"
"BTX","333","0.08339000","1.36194103","ask","2017-10-05 11:43:21"
"BTX","334","0.08339000","1.36194103","ask","2017-10-05 11:43:31"
"BTX","335","0.08339000","1.36194103","ask","2017-10-05 11:43:37"
"BTX","336","0.08339000","1.36194103","ask","2017-10-05 11:43:42"
"BTX","337","0.08339000","1.40308954","ask","2017-10-05 11:43:48"
"BTX","338","0.08339000","1.40308954","ask","2017-10-05 11:43:54"
"BTX","339","0.08339000","1.40308954","ask","2017-10-05 11:43:58"
"BTX","340","0.08340000","102.79658700","ask","2017-10-05 11:44:04"
"BTX","341","0.08340000","71.33044041","ask","2017-10-05 11:44:09"
"BTX","342","0.08340000","71.33044041","ask","2017-10-05 11:44:14"
"BTX","343","0.08339000","0.54814441","ask","2017-10-05 11:44:19"
"BTX","344","0.08339000","0.53615256","ask","2017-10-05 11:44:24"
"BTX","345","0.08339000","0.53615256","ask","2017-10-05 11:44:29"
"BTX","346","0.08339000","0.53615256","ask","2017-10-05 11:44:34"
"BTX","347","0.08339000","0.53615256","ask","2017-10-05 11:44:39"
"BTX","348","0.08340000","65.41804058","ask","2017-10-05 11:44:50"
"BTX","349","0.08340000","65.41804058","ask","2017-10-05 11:44:54"
"BTX","350","0.08340000","65.41804058","ask","2017-10-05 11:45:00"
"BTX","351","0.08340000","65.41804058","ask","2017-10-05 11:45:04"
"BTX","352","0.08340000","65.41051492","ask","2017-10-05 11:45:10"
"BTX","353","0.08339000","1.77067101","ask","2017-10-05 11:45:18"
"BTX","354","0.08339000","1.77067101","ask","2017-10-05 11:45:26"
"BTX","355","0.08340000","65.06663080","ask","2017-10-05 11:45:31"
"BTX","356","0.08340000","65.06663080","ask","2017-10-05 11:45:38"
"BTX","357","0.08340000","65.06663080","ask","2017-10-05 11:45:48"
"BTX","358","0.08340000","65.06663080","ask","2017-10-05 11:45:55"
"BTX","359","0.08340000","65.06663080","ask","2017-10-05 11:46:00"
"BTX","360","0.08340000","15.81387850","ask","2017-10-05 11:46:06"
"BTX","361","0.08340000","253.85344685","ask","2017-10-05 11:46:12"
"BTX","362","0.08340000","253.25542527","ask","2017-10-05 11:46:17"
"BTX","363","0.08340000","253.25542527","ask","2017-10-05 11:46:21"
"BTX","364","0.08340000","253.25542527","ask","2017-10-05 11:46:25"
"BTX","365","0.08340000","253.25542527","ask","2017-10-05 11:46:31"
"BTX","366","0.08340000","253.24346484","ask","2017-10-05 11:46:37"
"BTX","367","0.08340000","251.24346484","ask","2017-10-05 11:46:42"
"BTX","368","0.08340000","251.24346484","ask","2017-10-05 11:46:46"
"BTX","369","0.08340000","251.24346484","ask","2017-10-05 11:46:51"
"BTX","370","0.08340000","251.24346484","ask","2017-10-05 11:46:56"
"BTX","371","0.08340000","251.24346484","ask","2017-10-05 11:47:12"
"BTX","372","0.08340000","251.24346484","ask","2017-10-05 11:47:17"
"BTX","373","0.08340000","251.24346484","ask","2017-10-05 11:47:25"
"BTX","374","0.08320005","0.33027732","ask","2017-10-05 11:47:30"
"BTX","375","0.08320005","0.33027732","ask","2017-10-05 11:47:35"
"BTX","376","0.08340000","250.61654216","ask","2017-10-05 11:47:40"
"BTX","377","0.08340000","250.61654216","ask","2017-10-05 11:47:44"
"BTX","378","0.08340000","250.61654216","ask","2017-10-05 11:47:50"
"BTX","379","0.08340000","250.61654216","ask","2017-10-05 11:47:54"
"BTX","380","0.08340000","250.61654216","ask","2017-10-05 11:47:59"
"BTX","381","0.08340000","250.61654216","ask","2017-10-05 11:48:04"
"BTX","382","0.08340000","250.61654216","ask","2017-10-05 11:48:08"
"BTX","383","0.08340000","250.61654216","ask","2017-10-05 11:48:12"
"BTX","384","0.08340000","250.61654216","ask","2017-10-05 11:48:16"
"BTX","385","0.08340000","250.61654216","ask","2017-10-05 11:48:21"
"BTX","386","0.08320005","44.20921239","ask","2017-10-05 11:48:26"
"BTX","387","0.08320005","44.20921239","ask","2017-10-05 11:48:31"
"BTX","388","0.08320005","44.20921239","ask","2017-10-05 11:48:36"
"BTX","389","0.08320005","44.34282915","ask","2017-10-05 11:48:40"
"BTX","390","0.08320005","43.25942991","ask","2017-10-05 11:48:46"
"BTX","391","0.08320005","42.05114211","ask","2017-10-05 11:48:50"
"BTX","392","0.08320005","42.05114211","ask","2017-10-05 11:48:55"
"BTX","393","0.08320004","0.21264007","ask","2017-10-05 11:49:00"
"BTX","394","0.08320004","0.21264007","ask","2017-10-05 11:49:05"
"BTX","395","0.08320004","0.01264007","ask","2017-10-05 11:49:09"
"BTX","396","0.08320004","0.01264007","ask","2017-10-05 11:49:14"
"BTX","397","0.08320004","0.01264007","ask","2017-10-05 11:49:19"
"BTX","398","0.08320004","0.01264007","ask","2017-10-05 11:49:23"
"BTX","399","0.08320004","0.01264007","ask","2017-10-05 11:49:29"
"BTX","400","0.08320004","0.01264007","ask","2017-10-05 11:49:33"
"BTX","401","0.08320004","0.01264007","ask","2017-10-05 11:49:37"
"BTX","402","0.08320004","0.01264007","ask","2017-10-05 11:49:41"
"BTX","403","0.08320004","0.01264007","ask","2017-10-05 11:49:47"
"BTX","404","0.08320004","0.00093338","ask","2017-10-05 11:49:51"
"BTX","405","0.08320005","37.86487549","ask","2017-10-05 11:49:55"
"BTX","406","0.08320005","37.86487549","ask","2017-10-05 11:49:59"
"BTX","407","0.08320005","37.70320338","ask","2017-10-05 11:50:03"
"BTX","408","0.08320005","35.02380338","ask","2017-10-05 11:50:08"
"BTX","409","0.08320005","35.02380338","ask","2017-10-05 11:50:16"
"BTX","410","0.08320005","35.02380338","ask","2017-10-05 11:50:20"
"BTX","411","0.08320005","33.82860338","ask","2017-10-05 11:50:24"
"BTX","412","0.08320005","33.82860338","ask","2017-10-05 11:50:29"
"BTX","413","0.08320005","31.79670338","ask","2017-10-05 11:50:34"
"BTX","414","0.08320005","31.79670338","ask","2017-10-05 11:50:38"
"BTX","415","0.08320005","31.79670338","ask","2017-10-05 11:50:43"
"BTX","416","0.08320005","31.37169238","ask","2017-10-05 11:50:55"
"BTX","417","0.08320005","31.37169238","ask","2017-10-05 11:50:59"
"BTX","418","0.08320005","31.37169238","ask","2017-10-05 11:51:04"
"BTX","419","0.08320005","31.37169238","ask","2017-10-05 11:51:08"
"BTX","420","0.08320005","31.37169238","ask","2017-10-05 11:51:12"
"BTX","421","0.08320005","31.37169238","ask","2017-10-05 11:51:17"
"BTX","422","0.08320005","30.05669238","ask","2017-10-05 11:51:22"
"BTX","423","0.08320005","28.48077540","ask","2017-10-05 11:51:26"
"BTX","424","0.08320005","27.15743317","ask","2017-10-05 11:51:31"
"BTX","425","0.08320005","24.87418631","ask","2017-10-05 11:51:35"
"BTX","426","0.08320005","24.87418631","ask","2017-10-05 11:51:45"
"BTX","427","0.08320005","5.09572931","ask","2017-10-05 11:51:50"
"BTX","428","0.08320005","4.97553709","ask","2017-10-05 11:51:54"
"BTX","429","0.08320005","4.97553709","ask","2017-10-05 11:51:58"
"BTX","430","0.08320005","4.97553709","ask","2017-10-05 11:52:02"
"BTX","431","0.08320005","3.53553709","ask","2017-10-05 11:52:07"
"BTX","432","0.08339000","6.85773709","ask","2017-10-05 11:52:12"
"BTX","433","0.08339000","6.85773709","ask","2017-10-05 11:52:16"
"BTX","434","0.08339000","6.85773709","ask","2017-10-05 11:52:20"
"BTX","435","0.08300000","141.50065359","ask","2017-10-05 11:52:25"
"BTX","436","0.08300000","129.05984431","ask","2017-10-05 11:52:30"
"BTX","437","0.08300000","117.76584431","ask","2017-10-05 11:52:33"
"BTX","438","0.08300000","117.76584431","ask","2017-10-05 11:52:38"
"BTX","439","0.08300000","117.60481331","ask","2017-10-05 11:52:42"
"BTX","440","0.08300000","116.16481331","ask","2017-10-05 11:52:46"
"BTX","441","0.08300000","116.16481331","ask","2017-10-05 11:52:50"
"BTX","442","0.08300000","114.23662798","ask","2017-10-05 11:52:55"
"BTX","443","0.08300000","112.71587394","ask","2017-10-05 11:52:59"
"BTX","444","0.08300000","112.41170194","ask","2017-10-05 11:53:03"
"BTX","445","0.08300000","110.97400194","ask","2017-10-05 11:53:07"
"BTX","446","0.08300000","110.97400194","ask","2017-10-05 11:53:11"
"BTX","447","0.08300000","109.53400194","ask","2017-10-05 11:53:15"
"BTX","448","0.08300000","109.53400194","ask","2017-10-05 11:53:19"
"BTX","449","0.08300000","108.32436339","ask","2017-10-05 11:53:24"
"BTX","450","0.08300000","108.32436339","ask","2017-10-05 11:53:28"
"BTX","451","0.08300000","105.92616339","ask","2017-10-05 11:53:32"
"BTX","452","0.08300000","105.92616339","ask","2017-10-05 11:53:36"
"BTX","453","0.08300000","105.92616339","ask","2017-10-05 11:53:40"
"BTX","454","0.08300000","105.92616339","ask","2017-10-05 11:53:45"
"BTX","455","0.08300000","104.48616339","ask","2017-10-05 11:53:50"
"BTX","456","0.08300000","102.98616339","ask","2017-10-05 11:53:53"
"BTX","457","0.08300000","102.98616339","ask","2017-10-05 11:53:58"
"BTX","458","0.08300000","102.98616339","ask","2017-10-05 11:54:04"
"BTX","459","0.08300000","102.98616339","ask","2017-10-05 11:54:08"
"BTX","460","0.08300000","102.98616339","ask","2017-10-05 11:54:13"
"BTX","461","0.08300000","102.57196339","ask","2017-10-05 11:54:17"
"BTX","462","0.08300000","94.84611254","ask","2017-10-05 11:54:21"
"BTX","463","0.08300000","94.84611254","ask","2017-10-05 11:54:25"
"BTX","464","0.08300000","94.84611254","ask","2017-10-05 11:54:29"
"BTX","465","0.08300000","94.35945154","ask","2017-10-05 11:54:34"
"BTX","466","0.08300000","94.35945154","ask","2017-10-05 11:54:38"
"BTX","467","0.08300000","94.35945154","ask","2017-10-05 11:54:42"
"BTX","468","0.08300000","94.35945154","ask","2017-10-05 11:54:47"
"BTX","469","0.08300000","94.35945154","ask","2017-10-05 11:54:51"
"BTX","470","0.08300000","94.35945154","ask","2017-10-05 11:54:55"
"BTX","471","0.08300000","94.35945154","ask","2017-10-05 11:55:00"
"BTX","472","0.08300000","94.35945154","ask","2017-10-05 11:55:05"
"BTX","473","0.08300000","94.35945154","ask","2017-10-05 11:55:11"
"BTX","474","0.08300000","94.35945154","ask","2017-10-05 11:55:15"
"BTX","475","0.08300000","94.35945154","ask","2017-10-05 11:55:19"
"BTX","476","0.08300000","89.32735154","ask","2017-10-05 11:55:24"
"BTX","477","0.08300000","89.32735154","ask","2017-10-05 11:55:28"
"BTX","478","0.08300000","83.38046954","ask","2017-10-05 11:55:32"
"BTX","479","0.08300000","79.54646954","ask","2017-10-05 11:55:36"
"BTX","480","0.08300000","79.54646954","ask","2017-10-05 11:55:40"
"BTX","481","0.08300000","71.15721272","ask","2017-10-05 11:55:44"
"BTX","482","0.08300000","70.31098172","ask","2017-10-05 11:55:48"
"BTX","483","0.08300000","62.68685138","ask","2017-10-05 11:55:52"
"BTX","484","0.08300000","61.36553440","ask","2017-10-05 11:55:56"
"BTX","485","0.08300000","24.27638595","ask","2017-10-05 11:56:04"
"BTX","486","0.08300000","225.81962790","ask","2017-10-05 11:56:12"
"BTX","487","0.08300000","223.77762790","ask","2017-10-05 11:56:20"
"BTX","488","0.08300000","223.53786887","ask","2017-10-05 11:56:24"
"BTX","489","0.08300000","223.30032668","ask","2017-10-05 11:56:28"
"BTX","490","0.08300000","223.59927862","ask","2017-10-05 11:56:32"
"BTX","491","0.08300000","223.46998354","ask","2017-10-05 11:56:36"
"BTX","492","0.08300000","195.07378354","ask","2017-10-05 11:56:40"
"BTX","493","0.08300000","194.94717954","ask","2017-10-05 11:56:45"
"BTX","494","0.08300000","194.94717954","ask","2017-10-05 11:56:49"
"BTX","495","0.08300000","194.15795311","ask","2017-10-05 11:56:53"
"BTX","496","0.08300000","192.82272530","ask","2017-10-05 11:56:57"
"BTX","497","0.08300000","183.75007330","ask","2017-10-05 11:57:01"
"BTX","498","0.08300000","183.75007330","ask","2017-10-05 11:57:05"
"BTX","499","0.08300000","179.63306530","ask","2017-10-05 11:57:09"
"BTX","500","0.08300000","179.63306530","ask","2017-10-05 11:57:13"
"BTX","501","0.08300000","179.63306530","ask","2017-10-05 11:57:17"
"BTX","502","0.08300000","178.90538475","ask","2017-10-05 11:57:21"
"BTX","503","0.08300000","178.90538475","ask","2017-10-05 11:57:25"
"BTX","504","0.08300000","178.90538475","ask","2017-10-05 11:57:30"
"BTX","505","0.08300000","178.90538475","ask","2017-10-05 11:57:34"
"BTX","506","0.08300000","172.72348975","ask","2017-10-05 11:57:39"
"BTX","507","0.08300000","172.72348975","ask","2017-10-05 11:57:43"
"BTX","508","0.08300000","172.72348975","ask","2017-10-05 11:57:47"
"BTX","509","0.08300000","172.72348975","ask","2017-10-05 11:57:52"
"BTX","510","0.08300000","170.75781575","ask","2017-10-05 11:57:56"
"BTX","511","0.08300000","168.11849647","ask","2017-10-05 11:58:02"
"BTX","512","0.08300000","142.96963932","ask","2017-10-05 11:58:06"
"BTX","513","0.08300000","135.61543932","ask","2017-10-05 11:58:11"
"BTX","514","0.08299000","7.18104440","ask","2017-10-05 11:58:17"
"BTX","515","0.08299000","7.18104440","ask","2017-10-05 11:58:21"
"BTX","516","0.08299000","7.14604440","ask","2017-10-05 11:58:25"
"BTX","517","0.08299000","6.17735840","ask","2017-10-05 11:58:30"
"BTX","518","0.08299000","6.02100125","ask","2017-10-05 11:58:35"
"BTX","519","0.08299000","0.94168325","ask","2017-10-05 11:58:39"
"BTX","520","0.08299000","0.94168325","ask","2017-10-05 11:58:44"
"BTX","521","0.08299000","0.94168325","ask","2017-10-05 11:58:48"
"BTX","522","0.08299000","0.94168325","ask","2017-10-05 11:58:52"
"BTX","523","0.08299000","0.94168325","ask","2017-10-05 11:58:57"
"BTX","524","0.08299000","0.94168325","ask","2017-10-05 11:59:01"
"BTX","525","0.08299000","1.25952842","ask","2017-10-05 11:59:05"
"BTX","526","0.08299000","1.25952842","ask","2017-10-05 11:59:11"
"BTX","527","0.08300000","132.78557747","ask","2017-10-05 11:59:15"
"BTX","528","0.08300000","132.78557747","ask","2017-10-05 11:59:19"
"BTX","529","0.08300000","132.78557747","ask","2017-10-05 11:59:23"
"BTX","530","0.08300000","132.78557747","ask","2017-10-05 11:59:27"
"BTX","531","0.08300000","132.78557747","ask","2017-10-05 11:59:31"
"BTX","532","0.08300000","132.78557747","ask","2017-10-05 11:59:36"
"BTX","533","0.08300000","130.38702325","ask","2017-10-05 11:59:40"
"BTX","534","0.08300000","121.65931241","ask","2017-10-05 11:59:43"
"BTX","535","0.08300000","121.05931241","ask","2017-10-05 11:59:47"
"BTX","536","0.08300000","121.05931241","ask","2017-10-05 11:59:51"
"BTX","537","0.08300000","119.97931241","ask","2017-10-05 11:59:55"
"BTX","538","0.08300000","119.97931241","ask","2017-10-05 12:00:00"
"BTX","539","0.08300000","118.69631241","ask","2017-10-05 12:00:05"
"BTX","540","0.08300000","118.69631241","ask","2017-10-05 12:00:10"
"BTX","541","0.08300000","118.69631241","ask","2017-10-05 12:00:15"
"BTX","542","0.08300000","118.69631241","ask","2017-10-05 12:00:19"
"BTX","543","0.08300000","118.69631241","ask","2017-10-05 12:00:23"
"BTX","544","0.08300000","118.69631241","ask","2017-10-05 12:00:28"
"BTX","545","0.08300000","118.69631241","ask","2017-10-05 12:00:32"
"BTX","546","0.08300000","118.69631241","ask","2017-10-05 12:00:36"
"BTX","547","0.08300000","118.69631241","ask","2017-10-05 12:00:40"
"BTX","548","0.08300000","118.69631241","ask","2017-10-05 12:00:44"
"BTX","549","0.08300000","118.69631241","ask","2017-10-05 12:00:48"
"BTX","550","0.08300000","118.19631241","ask","2017-10-05 12:00:52"
"BTX","551","0.08300000","118.19631241","ask","2017-10-05 12:00:56"
"BTX","552","0.08300000","114.60319313","ask","2017-10-05 12:01:00"
"BTX","553","0.08300000","114.28220148","ask","2017-10-05 12:01:05"
"BTX","554","0.08300000","104.28220148","ask","2017-10-05 12:01:09"
"BTX","555","0.08300000","100.01270148","ask","2017-10-05 12:01:13"
"BTX","556","0.08300000","100.01270148","ask","2017-10-05 12:01:17"
"BTX","557","0.08300000","92.79195546","ask","2017-10-05 12:01:26"
"BTX","558","0.08300000","92.79195546","ask","2017-10-05 12:01:31"
"BTX","559","0.08300000","92.79195546","ask","2017-10-05 12:01:36"
"BTX","560","0.08300000","92.79195546","ask","2017-10-05 12:01:46"
"BTX","561","0.08300000","92.79195546","ask","2017-10-05 12:01:51"
"BTX","562","0.08300000","92.79195546","ask","2017-10-05 12:01:55"
"BTX","563","0.08300000","92.79195546","ask","2017-10-05 12:01:59"
"BTX","564","0.08300000","92.29195546","ask","2017-10-05 12:02:05"
"BTX","565","0.08300000","92.29195546","ask","2017-10-05 12:02:09"
"BTX","566","0.08300000","92.29195546","ask","2017-10-05 12:02:15"
"BTX","567","0.08300000","90.48924462","ask","2017-10-05 12:02:20"
"BTX","568","0.08300000","87.79587404","ask","2017-10-05 12:02:25"
"BTX","569","0.08300000","87.79587404","ask","2017-10-05 12:02:29"
"BTX","570","0.08300000","87.79587404","ask","2017-10-05 12:02:34"
"BTX","571","0.08300000","87.79587404","ask","2017-10-05 12:02:38"
"BTX","572","0.08300000","87.79587404","ask","2017-10-05 12:02:45"
"BTX","573","0.08300000","87.79587404","ask","2017-10-05 12:02:48"
"BTX","574","0.08300000","87.79587404","ask","2017-10-05 12:02:53"
"BTX","575","0.08300000","87.79587404","ask","2017-10-05 12:02:58"
"BTX","576","0.08300000","87.79587404","ask","2017-10-05 12:03:04"
"BTX","577","0.08300000","87.79587404","ask","2017-10-05 12:03:09"
"BTX","578","0.08300000","87.79587404","ask","2017-10-05 12:03:13"
"BTX","579","0.08300000","87.79587404","ask","2017-10-05 12:03:17"
"BTX","580","0.08300000","87.79587404","ask","2017-10-05 12:03:21"
"BTX","581","0.08300000","87.79587404","ask","2017-10-05 12:03:25"
"BTX","582","0.08300000","87.78382585","ask","2017-10-05 12:03:32"
"BTX","583","0.08299999","4.85500000","ask","2017-10-05 12:03:40"
"BTX","584","0.08299998","4.78200000","ask","2017-10-05 12:03:47"
"BTX","585","0.08299999","4.05700000","ask","2017-10-05 12:03:55"
"BTX","586","0.08299999","4.05700000","ask","2017-10-05 12:04:01"
"BTX","587","0.08299999","4.90000000","ask","2017-10-05 12:04:07"
"BTX","588","0.08299998","3.65700000","ask","2017-10-05 12:04:14"
"BTX","589","0.08299999","3.62900000","ask","2017-10-05 12:04:22"
"BTX","590","0.08299999","3.62900000","ask","2017-10-05 12:04:29"
"BTX","591","0.08299999","3.62900000","ask","2017-10-05 12:04:34"
"BTX","592","0.08299999","3.62900000","ask","2017-10-05 12:04:38"
"BTX","593","0.08299999","3.62900000","ask","2017-10-05 12:04:43"
"BTX","594","0.08272000","0.36538020","ask","2017-10-05 12:04:48"
"BTX","595","0.08299999","3.33467157","ask","2017-10-05 12:04:57"
"BTX","596","0.08299999","3.32093828","ask","2017-10-05 12:05:02"
"BTX","597","0.08299999","3.32093828","ask","2017-10-05 12:05:06"
"BTX","598","0.08299999","3.32093828","ask","2017-10-05 12:05:12"
"BTX","599","0.08299998","24.00279082","ask","2017-10-05 12:05:15"
"BTX","600","0.08299997","4.52500000","ask","2017-10-05 12:05:20"
"BTX","601","0.08299997","4.52500000","ask","2017-10-05 12:05:25"
"BTX","602","0.08299997","4.52500000","ask","2017-10-05 12:05:30"
"BTX","603","0.08299997","4.52500000","ask","2017-10-05 12:05:34"
"BTX","604","0.08299998","24.00279082","ask","2017-10-05 12:05:38"
"BTX","605","0.08299998","24.00279082","ask","2017-10-05 12:05:44"
"BTX","606","0.08299998","24.00279082","ask","2017-10-05 12:05:48"
"BTX","607","0.08299997","3.43900000","ask","2017-10-05 12:05:53"
"BTX","608","0.08299997","3.43900000","ask","2017-10-05 12:05:58"
"BTX","609","0.08299997","4.89000000","ask","2017-10-05 12:06:02"
"BTX","610","0.08299998","24.00279082","ask","2017-10-05 12:06:06"
"BTX","611","0.08299997","3.61600000","ask","2017-10-05 12:06:11"
"BTX","612","0.08299997","3.61600000","ask","2017-10-05 12:06:15"
"BTX","613","0.08299997","3.61600000","ask","2017-10-05 12:06:19"
"BTX","614","0.08299997","3.61600000","ask","2017-10-05 12:06:24"
"BTX","615","0.08299997","3.61600000","ask","2017-10-05 12:06:28"
"BTX","616","0.08299996","3.98800000","ask","2017-10-05 12:06:33"
"BTX","617","0.08299995","3.55900000","ask","2017-10-05 12:06:37"
"BTX","618","0.08299995","3.55900000","ask","2017-10-05 12:06:42"
"BTX","619","0.08299995","3.55900000","ask","2017-10-05 12:06:46"
"BTX","620","0.08270000","298.21850532","ask","2017-10-05 12:06:56"
"BTX","621","0.08270000","294.53471280","ask","2017-10-05 12:07:00"
"BTX","622","0.08270000","291.92115871","ask","2017-10-05 12:07:05"
"BTX","623","0.08270000","291.92115871","ask","2017-10-05 12:07:09"
"BTX","624","0.08265100","4.98234845","ask","2017-10-05 12:07:14"
"BTX","625","0.08265100","0.35334845","ask","2017-10-05 12:07:19"
"BTX","626","0.08265100","0.35334845","ask","2017-10-05 12:07:24"
"BTX","627","0.08270000","291.92115871","ask","2017-10-05 12:07:28"
"BTX","628","0.08270000","291.92115871","ask","2017-10-05 12:07:33"
"BTX","629","0.08270000","290.47115871","ask","2017-10-05 12:07:37"
"BTX","630","0.08270000","291.05514794","ask","2017-10-05 12:07:41"
"BTX","631","0.08270000","291.05514794","ask","2017-10-05 12:07:46"
"BTX","632","0.08270000","291.05514794","ask","2017-10-05 12:07:50"
"BTX","633","0.08270000","291.05514794","ask","2017-10-05 12:07:54"
"BTX","634","0.08270000","291.05514794","ask","2017-10-05 12:07:58"
"BTX","635","0.08270000","291.05514794","ask","2017-10-05 12:08:02"
"BTX","636","0.08270000","291.05514794","ask","2017-10-05 12:08:06"
"BTX","637","0.08270000","290.77077294","ask","2017-10-05 12:08:11"
"BTX","638","0.08270000","290.77077294","ask","2017-10-05 12:08:15"
"BTX","639","0.08270000","289.56708310","ask","2017-10-05 12:08:20"
"BTX","640","0.08270000","289.56708310","ask","2017-10-05 12:08:24"
"BTX","641","0.08270000","289.56708310","ask","2017-10-05 12:08:28"
"BTX","642","0.08270000","269.18208310","ask","2017-10-05 12:08:32"
"BTX","643","0.08270000","269.18208310","ask","2017-10-05 12:08:36"
"BTX","644","0.08270000","269.18208310","ask","2017-10-05 12:08:40"
"BTX","645","0.08270000","269.18208310","ask","2017-10-05 12:08:45"
"BTX","646","0.08270000","265.32449387","ask","2017-10-05 12:08:49"
"BTX","647","0.08270000","265.32449387","ask","2017-10-05 12:08:54"
"BTX","648","0.08270000","264.04049387","ask","2017-10-05 12:08:58"
"BTX","649","0.08270000","263.55809387","ask","2017-10-05 12:09:03"
"BTX","650","0.08270000","263.55809387","ask","2017-10-05 12:09:07"
"BTX","651","0.08270000","263.55809387","ask","2017-10-05 12:09:12"
"BTX","652","0.08270000","263.54336718","ask","2017-10-05 12:09:16"
"BTX","653","0.08270000","263.54336718","ask","2017-10-05 12:09:20"
"BTX","654","0.08270000","263.54336718","ask","2017-10-05 12:09:24"
"BTX","655","0.08270000","263.54336718","ask","2017-10-05 12:09:28"
"BTX","656","0.08270000","262.57036718","ask","2017-10-05 12:09:32"
"BTX","657","0.08270000","255.61956718","ask","2017-10-05 12:09:36"
"BTX","658","0.08270000","255.24743952","ask","2017-10-05 12:09:44"
"BTX","659","0.08270000","255.24743952","ask","2017-10-05 12:09:48"
"BTX","660","0.08270000","255.24743952","ask","2017-10-05 12:09:53"
"BTX","661","0.08270000","254.69933952","ask","2017-10-05 12:10:02"
"BTX","662","0.08270000","196.19933952","ask","2017-10-05 12:10:07"
"BTX","663","0.08270000","195.98985945","ask","2017-10-05 12:10:11"
"BTX","664","0.08270000","195.98985945","ask","2017-10-05 12:10:15"
"BTX","665","0.08270000","195.98985945","ask","2017-10-05 12:10:19"
"BTX","666","0.08270000","195.98985945","ask","2017-10-05 12:10:23"
"BTX","667","0.08270000","195.98985945","ask","2017-10-05 12:10:27"
"BTX","668","0.08270000","195.98985945","ask","2017-10-05 12:10:31"
"BTX","669","0.08270000","45.38965945","ask","2017-10-05 12:10:36"
"BTX","670","0.08270000","45.38965945","ask","2017-10-05 12:10:41"
"BTX","671","0.08270000","45.38965945","ask","2017-10-05 12:10:45"
"BTX","672","0.08270000","44.54988688","ask","2017-10-05 12:10:55"
"BTX","673","0.08270000","44.54988688","ask","2017-10-05 12:10:59"
"BTX","674","0.08270000","44.54988688","ask","2017-10-05 12:11:04"
"BTX","675","0.08270000","38.54748688","ask","2017-10-05 12:11:09"
"BTX","676","0.08270000","38.54748688","ask","2017-10-05 12:11:13"
"BTX","677","0.08270000","38.54748688","ask","2017-10-05 12:11:17"
"BTX","678","0.08270000","38.54748688","ask","2017-10-05 12:11:22"
"BTX","679","0.08270000","38.54748688","ask","2017-10-05 12:11:26"
"BTX","680","0.08270000","338.54748688","ask","2017-10-05 12:11:30"
"BTX","681","0.08270000","338.44748688","ask","2017-10-05 12:11:34"
"BTX","682","0.08270000","338.44748688","ask","2017-10-05 12:11:39"
"BTX","683","0.08270000","338.44748688","ask","2017-10-05 12:11:44"
"BTX","684","0.08270000","338.44748688","ask","2017-10-05 12:11:48"
"BTX","685","0.08269990","0.35000000","ask","2017-10-05 12:11:52"
"BTX","686","0.08269990","0.13826942","ask","2017-10-05 12:11:56"
"BTX","687","0.08269990","0.13826942","ask","2017-10-05 12:12:00"
"BTX","688","0.08270000","288.58575630","ask","2017-10-05 12:12:05"
"BTX","689","0.08270000","288.58575630","ask","2017-10-05 12:12:08"
"BTX","690","0.08270000","288.58575630","ask","2017-10-05 12:12:13"
"BTX","691","0.08270000","288.07695630","ask","2017-10-05 12:12:20"
"BTX","692","0.08270000","288.07695630","ask","2017-10-05 12:12:24"
"BTX","693","0.08269990","0.36970692","ask","2017-10-05 12:12:28"
"BTX","694","0.08269990","0.36970692","ask","2017-10-05 12:12:33"
"BTX","695","0.08269990","0.36970692","ask","2017-10-05 12:12:37"
"BTX","696","0.08270000","287.12506322","ask","2017-10-05 12:12:41"
"BTX","697","0.08270000","287.12506322","ask","2017-10-05 12:12:46"
"BTX","698","0.08270000","287.12506322","ask","2017-10-05 12:12:49"
"BTX","699","0.08270000","287.12506322","ask","2017-10-05 12:12:54"
"BTX","700","0.08270000","286.83357599","ask","2017-10-05 12:13:01"
"BTX","701","0.08270000","286.83357599","ask","2017-10-05 12:13:06"
"BTX","702","0.08270000","286.14657599","ask","2017-10-05 12:13:10"
"BTX","703","0.08270000","286.14657599","ask","2017-10-05 12:13:15"
"BTX","704","0.08270000","286.14657599","ask","2017-10-05 12:13:18"
"BTX","705","0.08270000","282.05630997","ask","2017-10-05 12:13:30"
"BTX","706","0.08270000","279.60193634","ask","2017-10-05 12:13:35"
"BTX","707","0.08270000","279.60193634","ask","2017-10-05 12:13:39"
"BTX","708","0.08270000","279.60193634","ask","2017-10-05 12:13:43"
"BTX","709","0.08270000","277.67913634","ask","2017-10-05 12:13:47"
"BTX","710","0.08270000","277.67913634","ask","2017-10-05 12:13:52"
"BTX","711","0.08270000","277.67913634","ask","2017-10-05 12:13:57"
"BTX","712","0.08270000","277.67913634","ask","2017-10-05 12:14:01"
"BTX","713","0.08270000","277.67913634","ask","2017-10-05 12:14:07"
"BTX","714","0.08270000","277.67913634","ask","2017-10-05 12:14:12"
"BTX","715","0.08270000","277.17913634","ask","2017-10-05 12:14:16"
"BTX","716","0.08270000","277.17913634","ask","2017-10-05 12:14:20"
"BTX","717","0.08270000","277.17913634","ask","2017-10-05 12:14:25"
"BTX","718","0.08270000","276.67913634","ask","2017-10-05 12:14:29"
"BTX","719","0.08250050","0.04013361","ask","2017-10-05 12:14:33"
"BTX","720","0.08270000","274.98953634","ask","2017-10-05 12:14:38"
"BTX","721","0.08270000","274.98953634","ask","2017-10-05 12:14:42"
"BTX","722","0.08270000","274.98953634","ask","2017-10-05 12:14:47"
"BTX","723","0.08270000","274.98953634","ask","2017-10-05 12:14:56"
"BTX","724","0.08270000","274.98953634","ask","2017-10-05 12:15:01"
"BTX","725","0.08270000","273.30554650","ask","2017-10-05 12:15:05"
"BTX","726","0.08270000","273.30554650","ask","2017-10-05 12:15:09"
"BTX","727","0.08270000","273.30554650","ask","2017-10-05 12:15:13"
"BTX","728","0.08270000","273.30554650","ask","2017-10-05 12:15:22"
"BTX","729","0.08270000","273.30554650","ask","2017-10-05 12:15:26"
"BTX","730","0.08270000","273.30554650","ask","2017-10-05 12:15:30"
"BTX","731","0.08270000","273.30554650","ask","2017-10-05 12:15:35"
"BTX","732","0.08270000","273.30554650","ask","2017-10-05 12:15:39"
"BTX","733","0.08270000","273.30554650","ask","2017-10-05 12:15:43"
"BTX","734","0.08270000","273.30554650","ask","2017-10-05 12:15:48"
"BTX","735","0.08270000","273.30554650","ask","2017-10-05 12:15:52"
"BTX","736","0.08270000","273.30554650","ask","2017-10-05 12:16:02"
"BTX","737","0.08270000","271.31982977","ask","2017-10-05 12:16:38"
"BTX","738","0.08270000","271.31982977","ask","2017-10-05 12:16:42"
"BTX","739","0.08270000","271.31982977","ask","2017-10-05 12:16:47"
"BTX","740","0.08270000","271.31982977","ask","2017-10-05 12:16:51"
"BTX","741","0.08270000","271.31982977","ask","2017-10-05 12:16:55"
"BTX","742","0.08270000","271.31982977","ask","2017-10-05 12:17:00"
"BTX","743","0.08270000","271.31982977","ask","2017-10-05 12:17:04"
"BTX","744","0.08270000","269.75922977","ask","2017-10-05 12:17:10"
"BTX","745","0.08270000","269.75922977","ask","2017-10-05 12:17:14"
"BTX","746","0.08270000","269.75922977","ask","2017-10-05 12:17:18"
"BTX","747","0.08270000","269.75922977","ask","2017-10-05 12:17:23"
"BTX","748","0.08270000","269.75922977","ask","2017-10-05 12:17:28"
"BTX","749","0.08270000","269.75922977","ask","2017-10-05 12:17:32"
"BTX","750","0.08270000","267.59782977","ask","2017-10-05 12:17:38"
"BTX","751","0.08270000","267.59782977","ask","2017-10-05 12:17:41"
"BTX","752","0.08270000","17.59782977","ask","2017-10-05 12:17:45"
"BTX","753","0.08270000","17.59782977","ask","2017-10-05 12:17:50"
"BTX","754","0.08270000","17.55782977","ask","2017-10-05 12:17:54"
"BTX","755","0.08270000","17.55782977","ask","2017-10-05 12:17:58"
"BTX","756","0.08250000","3.64050829","ask","2017-10-05 12:18:02"
"BTX","757","0.08270000","280.59312013","ask","2017-10-05 12:18:09"
"BTX","758","0.08270000","280.59312013","ask","2017-10-05 12:18:13"
"BTX","759","0.08270000","280.59312013","ask","2017-10-05 12:18:18"
"BTX","760","0.08270000","280.59312013","ask","2017-10-05 12:18:22"
"BTX","761","0.08270000","280.59312013","ask","2017-10-05 12:18:26"
"BTX","762","0.08270000","280.59312013","ask","2017-10-05 12:18:30"
"BTX","763","0.08245189","1.53322636","ask","2017-10-05 12:18:35"
"BTX","764","0.08270000","280.59312013","ask","2017-10-05 12:18:39"
"BTX","765","0.08270000","280.59312013","ask","2017-10-05 12:18:43"
"BTX","766","0.08270000","280.59312013","ask","2017-10-05 12:18:47"
"BTX","767","0.08270000","279.99142013","ask","2017-10-05 12:18:52"
"BTX","768","0.08270000","279.99142013","ask","2017-10-05 12:18:57"
"BTX","769","0.08245189","2.48783931","ask","2017-10-05 12:19:02"
"BTX","770","0.08245189","0.65323931","ask","2017-10-05 12:19:07"
"BTX","771","0.08270000","279.61488828","ask","2017-10-05 12:19:12"
"BTX","772","0.08270000","279.61488828","ask","2017-10-05 12:19:16"
"BTX","773","0.08270000","279.61488828","ask","2017-10-05 12:19:21"
"BTX","774","0.08270000","279.61488828","ask","2017-10-05 12:19:26"
"BTX","775","0.08270000","279.61488828","ask","2017-10-05 12:19:30"
"BTX","776","0.08245189","3.14000000","ask","2017-10-05 12:19:34"
"BTX","777","0.08270000","279.61488828","ask","2017-10-05 12:19:38"
"BTX","778","0.08270000","279.61488828","ask","2017-10-05 12:19:42"
"BTX","779","0.08241500","0.04850600","ask","2017-10-05 12:19:46"
"BTX","780","0.08270000","278.41198828","ask","2017-10-05 12:19:54"
"BTX","781","0.08270000","278.41198828","ask","2017-10-05 12:19:59"
"BTX","782","0.08245189","3.64000000","ask","2017-10-05 12:20:03"
"BTX","783","0.08240353","0.47644485","ask","2017-10-05 12:20:07"
"BTX","784","0.08245189","2.92344485","ask","2017-10-05 12:20:11"
"BTX","785","0.08245189","2.19574777","ask","2017-10-05 12:20:15"
"BTX","786","0.08245189","2.19574777","ask","2017-10-05 12:20:20"
"BTX","787","0.08245189","2.19574777","ask","2017-10-05 12:20:25"
"BTX","788","0.08245189","1.93210677","ask","2017-10-05 12:20:29"
"BTX","789","0.08240352","0.20948007","ask","2017-10-05 12:20:39"
"BTX","790","0.08240352","0.20948007","ask","2017-10-05 12:20:44"
"BTX","791","0.08240000","8.57854840","ask","2017-10-05 12:20:48"
"BTX","792","0.08240000","8.57854840","ask","2017-10-05 12:20:51"
"BTX","793","0.08240000","7.49434840","ask","2017-10-05 12:20:56"
"BTX","794","0.08240000","6.42834840","ask","2017-10-05 12:21:02"
"BTX","795","0.08240000","4.76543215","ask","2017-10-05 12:21:07"
"BTX","796","0.08240000","4.65443215","ask","2017-10-05 12:21:11"
"BTX","797","0.08240000","4.65443215","ask","2017-10-05 12:21:16"
"BTX","798","0.08230000","13.84099962","ask","2017-10-05 12:21:20"
"BTX","799","0.08230000","1.68400084","ask","2017-10-05 12:21:25"
"BTX","800","0.08230000","1.68400084","ask","2017-10-05 12:21:28"
"BTX","801","0.08240000","2.70675823","ask","2017-10-05 12:21:33"
"BTX","802","0.08240000","1.50225823","ask","2017-10-05 12:21:37"
"BTX","803","0.08270000","277.54798828","ask","2017-10-05 12:21:41"
"BTX","804","0.08270000","277.54798828","ask","2017-10-05 12:21:45"
"BTX","805","0.08270000","276.34408828","ask","2017-10-05 12:21:49"
"BTX","806","0.08270000","276.34408828","ask","2017-10-05 12:21:53"
"BTX","807","0.08270000","276.34408828","ask","2017-10-05 12:21:57"
"BTX","808","0.08245189","3.64000000","ask","2017-10-05 12:22:02"
"BTX","809","0.08245189","0.00910000","ask","2017-10-05 12:22:06"
"BTX","810","0.08245189","0.00910000","ask","2017-10-05 12:22:13"
"BTX","811","0.08270000","273.32874836","ask","2017-10-05 12:22:17"
"BTX","812","0.08270000","273.32874836","ask","2017-10-05 12:22:21"
"BTX","813","0.08270000","273.32874836","ask","2017-10-05 12:22:24"
"BTX","814","0.08270000","273.32874836","ask","2017-10-05 12:22:29"
"BTX","815","0.08245189","3.63351264","ask","2017-10-05 12:22:34"
"BTX","816","0.08270000","273.32874836","ask","2017-10-05 12:22:38"
"BTX","817","0.08270000","273.32874836","ask","2017-10-05 12:22:43"
"BTX","818","0.08270000","273.32874836","ask","2017-10-05 12:22:48"
"BTX","819","0.08270000","273.32874836","ask","2017-10-05 12:22:52"
"BTX","820","0.08270000","273.32874836","ask","2017-10-05 12:22:57"
"BTX","821","0.08270000","272.12584836","ask","2017-10-05 12:23:00"
"BTX","822","0.08245189","3.64000000","ask","2017-10-05 12:23:05"
"BTX","823","0.08245189","3.64000000","ask","2017-10-05 12:23:08"
"BTX","824","0.08245189","0.51360000","ask","2017-10-05 12:23:13"
"BTX","825","0.08245189","0.05160000","ask","2017-10-05 12:23:17"
"BTX","826","0.08245189","0.00012897","ask","2017-10-05 12:23:21"
"BTX","827","0.08245189","0.00012897","ask","2017-10-05 12:23:25"
"BTX","828","0.08245189","0.00012897","ask","2017-10-05 12:23:29"
"BTX","829","0.08270000","272.12584836","ask","2017-10-05 12:23:36"
"BTX","830","0.08270000","272.12584836","ask","2017-10-05 12:23:40"
"BTX","831","0.08270000","272.12584836","ask","2017-10-05 12:23:44"
"BTX","832","0.08270000","272.12584836","ask","2017-10-05 12:23:48"
"BTX","833","0.08270000","270.68384836","ask","2017-10-05 12:23:53"
"BTX","834","0.08270000","270.68384836","ask","2017-10-05 12:23:58"
"BTX","835","0.08270000","270.68384836","ask","2017-10-05 12:24:02"
"BTX","836","0.08270000","269.99804836","ask","2017-10-05 12:24:07"
"BTX","837","0.08270000","269.99804836","ask","2017-10-05 12:24:12"
"BTX","838","0.08270000","271.98727619","ask","2017-10-05 12:24:17"
"BTX","839","0.08270000","271.98727619","ask","2017-10-05 12:24:21"
"BTX","840","0.08270000","270.17107945","ask","2017-10-05 12:24:25"
"BTX","841","0.08270000","270.17107945","ask","2017-10-05 12:24:30"
"BTX","842","0.08270000","270.17107945","ask","2017-10-05 12:24:35"
"BTX","843","0.08270000","270.17107945","ask","2017-10-05 12:24:39"
"BTX","844","0.08270000","270.17107945","ask","2017-10-05 12:24:43"
"BTX","845","0.08270000","270.17107945","ask","2017-10-05 12:24:48"
"BTX","846","0.08270000","270.05046276","ask","2017-10-05 12:24:55"
"BTX","847","0.08270000","270.05046276","ask","2017-10-05 12:25:00"
"BTX","848","0.08270000","268.43573369","ask","2017-10-05 12:25:15"
"BTX","849","0.08270000","268.43573369","ask","2017-10-05 12:25:19"
"BTX","850","0.08270000","262.41863369","ask","2017-10-05 12:25:23"
"BTX","851","0.08270000","262.41863369","ask","2017-10-05 12:25:27"
"BTX","852","0.08270000","262.41863369","ask","2017-10-05 12:25:31"
"BTX","853","0.08245189","3.62788484","ask","2017-10-05 12:25:36"
"BTX","854","0.08270000","262.41863369","ask","2017-10-05 12:25:40"
"BTX","855","0.08270000","262.41863369","ask","2017-10-05 12:25:45"
"BTX","856","0.08270000","262.41863369","ask","2017-10-05 12:25:49"
"BTX","857","0.08270000","262.41863369","ask","2017-10-05 12:25:54"
"BTX","858","0.08270000","260.49273369","ask","2017-10-05 12:25:59"
"BTX","859","0.08245189","3.64000000","ask","2017-10-05 12:26:04"
"BTX","860","0.08245189","0.55330477","ask","2017-10-05 12:26:08"
"BTX","861","0.08245189","0.55330477","ask","2017-10-05 12:26:12"
"BTX","862","0.08245189","0.55330477","ask","2017-10-05 12:26:17"
"BTX","863","0.08269999","0.83977257","ask","2017-10-05 12:26:21"
"BTX","864","0.08260189","1.20762712","ask","2017-10-05 12:26:26"
"BTX","865","0.08260189","1.20762712","ask","2017-10-05 12:26:30"
"BTX","866","0.08260189","1.20762712","ask","2017-10-05 12:26:34"
"BTX","867","0.08260189","1.20762712","ask","2017-10-05 12:26:38"
"BTX","868","0.08260189","1.20762712","ask","2017-10-05 12:26:42"
"BTX","869","0.08260189","1.20762712","ask","2017-10-05 12:26:47"
"BTX","870","0.08260189","1.20762712","ask","2017-10-05 12:26:51"
"BTX","871","0.08254123","0.51008127","ask","2017-10-05 12:26:55"
"BTX","872","0.08254123","0.51008127","ask","2017-10-05 12:26:58"
"BTX","873","0.08245189","0.36400000","ask","2017-10-05 12:27:04"
"BTX","874","0.08269999","15.71600000","ask","2017-10-05 12:27:09"
"BTX","875","0.08269999","15.71600000","ask","2017-10-05 12:27:13"
"BTX","876","0.08269999","15.71600000","ask","2017-10-05 12:27:18"
"BTX","877","0.08269999","15.71600000","ask","2017-10-05 12:27:21"
"BTX","878","0.08269999","15.71600000","ask","2017-10-05 12:27:27"
"BTX","879","0.08269999","15.71600000","ask","2017-10-05 12:27:31"
"BTX","880","0.08245189","3.14214148","ask","2017-10-05 12:27:35"
"BTX","881","0.08270000","258.54482766","ask","2017-10-05 12:27:39"
"BTX","882","0.08270000","252.65672766","ask","2017-10-05 12:27:44"
"BTX","883","0.08270000","252.65672766","ask","2017-10-05 12:27:48"
"BTX","884","0.08270000","252.65672766","ask","2017-10-05 12:27:52"
"BTX","885","0.08270000","249.77062766","ask","2017-10-05 12:27:56"
"BTX","886","0.08270000","249.77062766","ask","2017-10-05 12:28:00"
"BTX","887","0.08270000","249.77062766","ask","2017-10-05 12:28:05"
"BTX","888","0.08270000","249.77062766","ask","2017-10-05 12:28:09"
"BTX","889","0.08270000","249.77062766","ask","2017-10-05 12:28:14"
"BTX","890","0.08270000","249.77062766","ask","2017-10-05 12:28:18"
"BTX","891","0.08270000","249.77062766","ask","2017-10-05 12:28:23"
"BTX","892","0.08270000","249.77062766","ask","2017-10-05 12:28:27"
"BTX","893","0.08260000","9.49406510","ask","2017-10-05 12:28:37"
"BTX","894","0.08260000","9.49406510","ask","2017-10-05 12:28:42"
"BTX","895","0.08260000","9.49406510","ask","2017-10-05 12:28:47"
"BTX","896","0.08260000","9.49406510","ask","2017-10-05 12:28:51"
"BTX","897","0.08260000","7.20181712","ask","2017-10-05 12:28:58"
"BTX","898","0.08260000","7.20181712","ask","2017-10-05 12:29:09"
"BTX","899","0.08260000","7.20181712","ask","2017-10-05 12:29:13"
"BTX","900","0.08260000","7.20181712","ask","2017-10-05 12:29:17"
"BTX","901","0.08260000","4.43531712","ask","2017-10-05 12:29:23"
"BTX","902","0.08260000","4.43531712","ask","2017-10-05 12:29:27"
"BTX","903","0.08235219","3.65000000","ask","2017-10-05 12:29:32"
"BTX","904","0.08235219","0.36291805","ask","2017-10-05 12:29:36"
"BTX","905","0.08260000","3.18811267","ask","2017-10-05 12:29:40"
"BTX","906","0.08260000","3.18811267","ask","2017-10-05 12:29:45"
"BTX","907","0.08260000","3.14426107","ask","2017-10-05 12:29:50"
"BTX","908","0.08260000","0.31426107","ask","2017-10-05 12:29:54"
"BTX","909","0.08260000","0.38747854","ask","2017-10-05 12:29:59"
"BTX","910","0.08235219","3.36047542","ask","2017-10-05 12:30:04"
"BTX","911","0.08235219","1.74058042","ask","2017-10-05 12:30:08"
"BTX","912","0.08235219","1.56018042","ask","2017-10-05 12:30:12"
"BTX","913","0.08235219","1.56018042","ask","2017-10-05 12:30:16"
"BTX","914","0.08235219","0.15618042","ask","2017-10-05 12:30:21"
"BTX","915","0.08235219","0.15618042","ask","2017-10-05 12:30:25"
"BTX","916","0.08235219","0.15618042","ask","2017-10-05 12:30:30"
"BTX","917","0.08269998","1.37007086","ask","2017-10-05 12:30:33"
"BTX","918","0.08260000","1.69915254","ask","2017-10-05 12:30:37"
"BTX","919","0.08260000","1.69915254","ask","2017-10-05 12:30:41"
"BTX","920","0.08269999","1.55682340","ask","2017-10-05 12:30:45"
"BTX","921","0.08269999","1.55682340","ask","2017-10-05 12:30:49"
"BTX","922","0.08269999","1.55682340","ask","2017-10-05 12:30:53"
"BTX","923","0.08269999","1.55682340","ask","2017-10-05 12:30:58"
"BTX","924","0.08245189","3.64000000","ask","2017-10-05 12:31:02"
"BTX","925","0.08245189","0.36400000","ask","2017-10-05 12:31:07"
"BTX","926","0.08245189","0.00010000","ask","2017-10-05 12:31:11"
"BTX","927","0.08245189","0.00010000","ask","2017-10-05 12:31:15"
"BTX","928","0.08245189","0.00010000","ask","2017-10-05 12:31:19"
"BTX","929","0.08245189","0.00010000","ask","2017-10-05 12:31:25"
"BTX","930","0.08245189","0.00010000","ask","2017-10-05 12:31:28"
"BTX","931","0.08269999","0.06113886","ask","2017-10-05 12:31:32"
"BTX","932","0.08270000","246.30138992","ask","2017-10-05 12:31:36"
"BTX","933","0.08270000","246.30138992","ask","2017-10-05 12:31:40"
"BTX","934","0.08270000","246.30138992","ask","2017-10-05 12:31:45"
"BTX","935","0.08270000","246.30138992","ask","2017-10-05 12:31:49"
"BTX","936","0.08270000","246.14816592","ask","2017-10-05 12:31:53"
"BTX","937","0.08270000","246.14816592","ask","2017-10-05 12:31:57"
"BTX","938","0.08270000","246.14816592","ask","2017-10-05 12:32:01"
"BTX","939","0.08245189","0.36400000","ask","2017-10-05 12:32:36"
"BTX","940","0.08245189","0.36400000","ask","2017-10-05 12:32:42"
"BTX","941","0.08245189","0.22008923","ask","2017-10-05 12:32:46"
"BTX","942","0.08245189","0.22008923","ask","2017-10-05 12:32:51"
"BTX","943","0.08245189","0.22008923","ask","2017-10-05 12:32:56"
"BTX","944","0.08245189","13.00403467","ask","2017-10-05 12:33:00"
"BTX","945","0.08245189","13.00403467","ask","2017-10-05 12:33:05"
"BTX","946","0.08270000","226.58575515","ask","2017-10-05 12:33:09"
"BTX","947","0.08270000","226.58575515","ask","2017-10-05 12:33:13"
"BTX","948","0.08270000","226.57354778","ask","2017-10-05 12:33:22"
"BTX","949","0.08270000","226.27164479","ask","2017-10-05 12:33:26"
"BTX","950","0.08270000","221.65894619","ask","2017-10-05 12:33:30"
"BTX","951","0.08270000","214.73504619","ask","2017-10-05 12:33:34"
"BTX","952","0.08270000","210.93504619","ask","2017-10-05 12:33:39"
"BTX","953","0.08270000","210.93504619","ask","2017-10-05 12:33:44"
"BTX","954","0.08270000","210.85304619","ask","2017-10-05 12:33:49"
"BTX","955","0.08270000","210.85304619","ask","2017-10-05 12:33:55"
"BTX","956","0.08270000","210.00184619","ask","2017-10-05 12:33:59"
"BTX","957","0.08270000","209.35784619","ask","2017-10-05 12:34:08"
"BTX","958","0.08270000","209.35784619","ask","2017-10-05 12:34:12"
"BTX","959","0.08270000","209.35784619","ask","2017-10-05 12:34:17"
"BTX","960","0.08270000","207.31814619","ask","2017-10-05 12:34:21"
"BTX","961","0.08270000","207.31814619","ask","2017-10-05 12:34:26"
"BTX","962","0.08270000","207.31814619","ask","2017-10-05 12:34:31"
"BTX","963","0.08270000","207.31814619","ask","2017-10-05 12:34:35"
"BTX","964","0.08270000","207.31814619","ask","2017-10-05 12:34:38"
"BTX","965","0.08260000","0.80727380","ask","2017-10-05 12:34:43"
"BTX","966","0.08260000","0.80727380","ask","2017-10-05 12:34:47"
"BTX","967","0.08260000","0.70727380","ask","2017-10-05 12:34:51"
"BTX","968","0.08260000","0.56264780","ask","2017-10-05 12:34:56"
"BTX","969","0.08260000","0.56887910","ask","2017-10-05 12:35:00"
"BTX","970","0.08260000","0.56887910","ask","2017-10-05 12:35:05"
"BTX","971","0.08260000","0.56887910","ask","2017-10-05 12:35:09"
"BTX","972","0.08270000","205.48732529","ask","2017-10-05 12:35:13"
"BTX","973","0.08270000","205.48732529","ask","2017-10-05 12:35:18"
"BTX","974","0.08270000","205.48732529","ask","2017-10-05 12:35:22"
"BTX","975","0.08270000","205.31032529","ask","2017-10-05 12:35:26"
"BTX","976","0.08260000","0.14038725","ask","2017-10-05 12:35:30"
"BTX","977","0.08270000","201.78372568","ask","2017-10-05 12:35:35"
"BTX","978","0.08270000","201.78372568","ask","2017-10-05 12:35:39"
"BTX","979","0.08270000","200.17932568","ask","2017-10-05 12:35:44"
"BTX","980","0.08270000","200.17932568","ask","2017-10-05 12:35:49"
"BTX","981","0.08270000","200.17932568","ask","2017-10-05 12:35:54"
"BTX","982","0.08270000","199.89562568","ask","2017-10-05 12:36:00"
"BTX","983","0.08270000","199.89562568","ask","2017-10-05 12:36:04"
"BTX","984","0.08270000","199.73090671","ask","2017-10-05 12:36:08"
"BTX","985","0.08270000","198.28090671","ask","2017-10-05 12:36:13"
"BTX","986","0.08270000","198.28090671","ask","2017-10-05 12:36:17"
"BTX","987","0.08269930","0.23472192","ask","2017-10-05 12:36:23"
"BTX","988","0.08269930","0.23472192","ask","2017-10-05 12:36:28"
"BTX","989","0.08270000","194.16954387","ask","2017-10-05 12:36:32"
"BTX","990","0.08270000","193.57034387","ask","2017-10-05 12:36:36"
"BTX","991","0.08270000","193.53406818","ask","2017-10-05 12:36:41"
"BTX","992","0.08270000","186.02504221","ask","2017-10-05 12:36:44"
"BTX","993","0.08270000","186.02504221","ask","2017-10-05 12:36:48"
"BTX","994","0.08270000","175.42694221","ask","2017-10-05 12:36:53"
"BTX","995","0.08270000","175.42694221","ask","2017-10-05 12:36:57"
"BTX","996","0.08270000","173.97694221","ask","2017-10-05 12:37:02"
"BTX","997","0.08270000","173.37704221","ask","2017-10-05 12:37:07"
"BTX","998","0.08269993","0.87620122","ask","2017-10-05 12:37:11"
"BTX","999","0.08269993","0.61414653","ask","2017-10-05 12:37:15"
"BTX","1000","0.08270000","169.58418874","ask","2017-10-05 12:37:20"
"BTX","1001","0.08270000","164.06598874","ask","2017-10-05 12:37:24"
"BTX","1002","0.08270000","164.06598874","ask","2017-10-05 12:37:29"
"BTX","1003","0.08270000","164.06598874","ask","2017-10-05 12:37:34"
"BTX","1004","0.08270000","164.06598874","ask","2017-10-05 12:37:38"
"BTX","1005","0.08270000","164.06598874","ask","2017-10-05 12:37:46"
"BTX","1006","0.08270000","164.06598874","ask","2017-10-05 12:37:50"
"BTX","1007","0.08270000","162.86821480","ask","2017-10-05 12:37:54"
"BTX","1008","0.08270000","161.30881480","ask","2017-10-05 12:37:58"
"BTX","1009","0.08270000","160.99044480","ask","2017-10-05 12:38:04"
"BTX","1010","0.08270000","160.99044480","ask","2017-10-05 12:38:08"
"BTX","1011","0.08270000","160.99044480","ask","2017-10-05 12:38:13"
"BTX","1012","0.08270000","160.98429335","ask","2017-10-05 12:38:17"
"BTX","1013","0.08270000","160.98429335","ask","2017-10-05 12:38:22"
"BTX","1014","0.08270000","160.98429335","ask","2017-10-05 12:38:28"
"BTX","1015","0.08270000","156.53819335","ask","2017-10-05 12:38:32"
"BTX","1016","0.08270000","156.53819335","ask","2017-10-05 12:38:37"
"BTX","1017","0.08270000","156.53819335","ask","2017-10-05 12:38:41"
"BTX","1018","0.08270000","155.21799335","ask","2017-10-05 12:38:46"
"BTX","1019","0.08270000","155.30705837","ask","2017-10-05 12:38:50"
"BTX","1020","0.08270000","153.16750822","ask","2017-10-05 12:38:58"
"BTX","1021","0.08270000","153.16750822","ask","2017-10-05 12:39:03"
"BTX","1022","0.08270000","153.07844320","ask","2017-10-05 12:39:07"
"BTX","1023","0.08270000","153.07844320","ask","2017-10-05 12:39:11"
"BTX","1024","0.08270000","149.27844320","ask","2017-10-05 12:39:16"
"BTX","1025","0.08270000","134.33192774","ask","2017-10-05 12:39:27"
"BTX","1026","0.08270000","134.33192774","ask","2017-10-05 12:39:31"
"BTX","1027","0.08270000","134.33192774","ask","2017-10-05 12:39:35"
"BTX","1028","0.08270000","137.20749142","ask","2017-10-05 12:39:39"
"BTX","1029","0.08270000","136.12649142","ask","2017-10-05 12:39:43"
"BTX","1030","0.08245192","0.42358130","ask","2017-10-05 12:39:48"
"BTX","1031","0.08270000","135.41714368","ask","2017-10-05 12:39:51"
"BTX","1032","0.08270000","134.31645142","ask","2017-10-05 12:39:56"
"BTX","1033","0.08270000","134.31645142","ask","2017-10-05 12:40:00"
"BTX","1034","0.08270000","134.31645142","ask","2017-10-05 12:40:05"
"BTX","1035","0.08270000","134.31645142","ask","2017-10-05 12:40:10"
"BTX","1036","0.08270000","134.31645142","ask","2017-10-05 12:40:18"
"BTX","1037","0.08270000","134.31645142","ask","2017-10-05 12:40:24"
"BTX","1038","0.08270000","119.19645142","ask","2017-10-05 12:40:31"
"BTX","1039","0.08270000","115.19755142","ask","2017-10-05 12:40:36"
"BTX","1040","0.08270000","115.19755142","ask","2017-10-05 12:40:40"
"BTX","1041","0.08270000","115.07692701","ask","2017-10-05 12:40:45"
"BTX","1042","0.08270000","115.07692701","ask","2017-10-05 12:40:49"
"BTX","1043","0.08270000","113.56492701","ask","2017-10-05 12:40:53"
"BTX","1044","0.08270000","113.56492701","ask","2017-10-05 12:40:58"
"BTX","1045","0.08270000","113.33092701","ask","2017-10-05 12:41:06"
"BTX","1046","0.08270000","113.33092701","ask","2017-10-05 12:41:11"
"BTX","1047","0.08270000","104.06004655","ask","2017-10-05 12:41:40"
"BTX","1048","0.08270000","104.06004655","ask","2017-10-05 12:41:45"
"BTX","1049","0.08270000","104.06004655","ask","2017-10-05 12:41:49"
"BTX","1050","0.08270000","94.54233055","ask","2017-10-05 12:42:00"
"BTX","1051","0.08270000","94.43455727","ask","2017-10-05 12:42:09"
"BTX","1052","0.08270000","94.43455727","ask","2017-10-05 12:42:13"
"BTX","1053","0.08270000","93.83425727","ask","2017-10-05 12:42:18"
"BTX","1054","0.08270000","93.82198416","ask","2017-10-05 12:42:23"
"BTX","1055","0.08270000","93.82198416","ask","2017-10-05 12:42:27"
"BTX","1056","0.08270000","94.41126368","ask","2017-10-05 12:42:32"
"BTX","1057","0.08270000","94.41126368","ask","2017-10-05 12:42:37"
"BTX","1058","0.08270000","94.41126368","ask","2017-10-05 12:42:42"
"BTX","1059","0.08270000","93.82198416","ask","2017-10-05 12:42:46"
"BTX","1060","0.08270000","93.82198416","ask","2017-10-05 12:42:50"
"BTX","1061","0.08270000","93.82198416","ask","2017-10-05 12:42:54"
"BTX","1062","0.08270000","93.82198416","ask","2017-10-05 12:42:59"
"BTX","1063","0.08270000","93.82198416","ask","2017-10-05 12:43:04"
"BTX","1064","0.08270000","93.82198416","ask","2017-10-05 12:43:08"
"BTX","1065","0.08270000","93.82198416","ask","2017-10-05 12:43:12"
"BTX","1066","0.08270000","93.82198416","ask","2017-10-05 12:43:17"
"BTX","1067","0.08270000","93.82198416","ask","2017-10-05 12:43:21"
"BTX","1068","0.08270000","93.82198416","ask","2017-10-05 12:43:25"
"BTX","1069","0.08270000","93.82198416","ask","2017-10-05 12:43:29"
"BTX","1070","0.08270000","93.82198416","ask","2017-10-05 12:43:33"
"BTX","1071","0.08270000","93.82198416","ask","2017-10-05 12:43:38"
"BTX","1072","0.08270000","93.82198416","ask","2017-10-05 12:43:43"
"BTX","1073","0.08270000","93.82198416","ask","2017-10-05 12:43:48"
"BTX","1074","0.08270000","93.82198416","ask","2017-10-05 12:43:51"
"BTX","1075","0.08270000","93.82198416","ask","2017-10-05 12:43:56"
"BTX","1076","0.08270000","93.07703476","ask","2017-10-05 12:44:00"
"BTX","1077","0.08270000","91.45173540","ask","2017-10-05 12:44:05"
"BTX","1078","0.08270000","91.46838171","ask","2017-10-05 12:44:08"
"BTX","1079","0.08270000","91.46838171","ask","2017-10-05 12:44:13"
"BTX","1080","0.08270000","89.09478171","ask","2017-10-05 12:44:17"
"BTX","1081","0.08270000","89.09478171","ask","2017-10-05 12:44:21"
"BTX","1082","0.08270000","89.09478171","ask","2017-10-05 12:44:26"
"BTX","1083","0.08270000","89.09478171","ask","2017-10-05 12:44:35"
"BTX","1084","0.08270000","89.09478171","ask","2017-10-05 12:44:39"
"BTX","1085","0.08270000","89.09478171","ask","2017-10-05 12:44:43"
"BTX","1086","0.08270000","87.09478171","ask","2017-10-05 12:44:48"
"BTX","1087","0.08270000","87.09478171","ask","2017-10-05 12:44:51"
"BTX","1088","0.08270000","87.09478171","ask","2017-10-05 12:44:59"
"BTX","1089","0.08270000","84.09478171","ask","2017-10-05 12:45:05"
"BTX","1090","0.08270000","84.09478171","ask","2017-10-05 12:45:09"
"BTX","1091","0.08270000","84.09478171","ask","2017-10-05 12:45:13"
"BTX","1092","0.08270000","84.09478171","ask","2017-10-05 12:45:17"
"BTX","1093","0.08270000","84.09478171","ask","2017-10-05 12:45:22"
"BTX","1094","0.08270000","84.13201785","ask","2017-10-05 12:45:25"
"BTX","1095","0.08270000","84.13201785","ask","2017-10-05 12:45:29"
"BTX","1096","0.08270000","78.08832530","ask","2017-10-05 12:45:34"
"BTX","1097","0.08270000","78.08832530","ask","2017-10-05 12:45:43"
"BTX","1098","0.08270000","78.05108916","ask","2017-10-05 12:45:48"
"BTX","1099","0.08270000","78.05108916","ask","2017-10-05 12:45:54"
"BTX","1100","0.08270000","69.96917116","ask","2017-10-05 12:45:58"
"BTX","1101","0.08270000","55.25521116","ask","2017-10-05 12:46:01"
"BTX","1102","0.08270000","55.25521116","ask","2017-10-05 12:46:06"
"BTX","1103","0.08270000","25.37720981","ask","2017-10-05 12:46:10"
"BTX","1104","0.08270000","25.37720981","ask","2017-10-05 12:46:14"
"BTX","1105","0.08270000","18.26488874","ask","2017-10-05 12:46:20"
"BTX","1106","0.08279000","0.01443424","ask","2017-10-05 12:46:24"
"BTX","1107","0.08279000","0.00003609","ask","2017-10-05 12:46:28"
"BTX","1108","0.08279000","0.00003609","ask","2017-10-05 12:46:33"
"BTX","1109","0.08279000","0.00003609","ask","2017-10-05 12:46:37"
"BTX","1110","0.08310000","0.03523613","ask","2017-10-05 12:46:41"
"BTX","1111","0.08270000","0.11877099","ask","2017-10-05 12:46:46"
"BTX","1112","0.08270000","0.11877099","ask","2017-10-05 12:46:51"
"BTX","1113","0.08326000","3.00000000","ask","2017-10-05 12:46:55"
"BTX","1114","0.08270000","0.18789592","ask","2017-10-05 12:47:00"
"BTX","1115","0.08270000","0.01889592","ask","2017-10-05 12:47:05"
"BTX","1116","0.08325996","45.59742000","ask","2017-10-05 12:47:08"
"BTX","1117","0.08325992","29.31000000","ask","2017-10-05 12:47:13"
"BTX","1118","0.08325994","0.69905135","ask","2017-10-05 12:47:17"
"BTX","1119","0.08325990","5.40000000","ask","2017-10-05 12:47:21"
"BTX","1120","0.08325989","18.59262000","ask","2017-10-05 12:47:25"
"BTX","1121","0.08325987","20.80300000","ask","2017-10-05 12:47:29"
"BTX","1122","0.08325987","17.23600000","ask","2017-10-05 12:47:33"
"BTX","1123","0.08325987","17.23600000","ask","2017-10-05 12:47:36"
"BTX","1124","0.08327750","0.01414431","ask","2017-10-05 12:47:41"
"BTX","1125","0.08327750","0.01414431","ask","2017-10-05 12:47:47"
"BTX","1126","0.08327748","29.67000000","ask","2017-10-05 12:47:52"
"BTX","1127","0.08327745","19.90718000","ask","2017-10-05 12:47:56"
"BTX","1128","0.08327742","15.29500000","ask","2017-10-05 12:48:01"
"BTX","1129","0.08327738","14.42900000","ask","2017-10-05 12:48:06"
"BTX","1130","0.08327736","28.38200000","ask","2017-10-05 12:48:09"
"BTX","1131","0.08327734","27.84000000","ask","2017-10-05 12:48:13"
"BTX","1132","0.08327732","25.24800000","ask","2017-10-05 12:48:17"
"BTX","1133","0.08327730","29.70000000","ask","2017-10-05 12:48:22"
"BTX","1134","0.08327728","28.74000000","ask","2017-10-05 12:48:27"
"BTX","1135","0.08327726","28.02000000","ask","2017-10-05 12:48:31"
"BTX","1136","0.08327724","28.05000000","ask","2017-10-05 12:48:34"
"BTX","1137","0.08327721","19.30840000","ask","2017-10-05 12:48:39"
"BTX","1138","0.08327720","27.87000000","ask","2017-10-05 12:48:43"
"BTX","1139","0.08327719","19.54578000","ask","2017-10-05 12:48:47"
"BTX","1140","0.08327716","28.65000000","ask","2017-10-05 12:48:51"
"BTX","1141","0.08327750","0.01414431","ask","2017-10-05 12:48:56"
"BTX","1142","0.08327748","12.55800000","ask","2017-10-05 12:49:01"
"BTX","1143","0.08327750","0.01414431","ask","2017-10-05 12:49:06"
"BTX","1144","0.08327750","0.01414431","ask","2017-10-05 12:49:10"
"BTX","1145","0.08327747","19.15084000","ask","2017-10-05 12:49:14"
"BTX","1146","0.08327745","19.15084000","ask","2017-10-05 12:49:19"
"BTX","1147","0.08327742","28.50000000","ask","2017-10-05 12:49:23"
"BTX","1148","0.08327740","29.04000000","ask","2017-10-05 12:49:27"
"BTX","1149","0.08327738","19.48624000","ask","2017-10-05 12:49:31"
"BTX","1150","0.08327737","29.58000000","ask","2017-10-05 12:49:36"
"BTX","1151","0.08326737","1.33083800","ask","2017-10-05 12:49:40"
"BTX","1152","0.08326734","27.03000000","ask","2017-10-05 12:49:46"
"BTX","1153","0.08326730","29.43000000","ask","2017-10-05 12:49:51"
"BTX","1154","0.08326728","21.02500000","ask","2017-10-05 12:49:55"
"BTX","1155","0.08326726","18.01880000","ask","2017-10-05 12:49:59"
"BTX","1156","0.08327750","0.01414431","ask","2017-10-05 12:50:03"
"BTX","1157","0.08327748","9.54200000","ask","2017-10-05 12:50:08"
"BTX","1158","0.08327744","34.41090000","ask","2017-10-05 12:50:12"
"BTX","1159","0.08327740","27.00000000","ask","2017-10-05 12:50:18"
"BTX","1160","0.08327739","18.97742000","ask","2017-10-05 12:50:21"
"BTX","1161","0.08327735","6.12230000","ask","2017-10-05 12:50:26"
"BTX","1162","0.08327731","24.03736000","ask","2017-10-05 12:50:30"
"BTX","1163","0.08327727","17.91506000","ask","2017-10-05 12:50:34"
"BTX","1164","0.08327724","19.63782000","ask","2017-10-05 12:50:40"
"BTX","1165","0.08327724","19.63782000","ask","2017-10-05 12:50:43"
"BTX","1166","0.08327721","6.14840000","ask","2017-10-05 12:50:47"
"BTX","1167","0.08327718","6.14860000","ask","2017-10-05 12:50:51"
"BTX","1168","0.08327714","27.93000000","ask","2017-10-05 12:50:57"
"BTX","1169","0.08327714","27.93000000","ask","2017-10-05 12:51:00"
"BTX","1170","0.08327713","6.14260000","ask","2017-10-05 12:51:05"
"BTX","1171","0.08325896","4.02206364","ask","2017-10-05 12:51:10"
"BTX","1172","0.08325895","18.13554000","ask","2017-10-05 12:51:15"
"BTX","1173","0.08325892","18.13554000","ask","2017-10-05 12:51:19"
"BTX","1174","0.08325889","15.70300000","ask","2017-10-05 12:51:23"
"BTX","1175","0.08325886","45.39808742","ask","2017-10-05 12:51:27"
"BTX","1176","0.08325882","6.12140000","ask","2017-10-05 12:51:31"
"BTX","1177","0.08325877","19.73558000","ask","2017-10-05 12:51:36"
"BTX","1178","0.08325875","19.73558000","ask","2017-10-05 12:51:40"
"BTX","1179","0.08325873","17.49646000","ask","2017-10-05 12:51:45"
"BTX","1180","0.08325895","17.49646000","ask","2017-10-05 12:51:50"
"BTX","1181","0.08325896","4.02206364","ask","2017-10-05 12:51:55"
"BTX","1182","0.08325896","4.02206364","ask","2017-10-05 12:51:59"
"BTX","1183","0.08325896","4.02206364","ask","2017-10-05 12:52:04"
"BTX","1184","0.08325896","3.89551376","ask","2017-10-05 12:52:08"
"BTX","1185","0.08325896","3.89551376","ask","2017-10-05 12:52:13"
"BTX","1186","0.08325896","3.89551376","ask","2017-10-05 12:52:17"
"BTX","1187","0.08325896","3.89551376","ask","2017-10-05 12:52:21"
"BTX","1188","0.08325896","2.15634779","ask","2017-10-05 12:52:25"
"BTX","1189","0.08325896","2.15634779","ask","2017-10-05 12:52:29"
"BTX","1190","0.08325896","2.15634779","ask","2017-10-05 12:52:33"
"BTX","1191","0.08325896","4.10719303","ask","2017-10-05 12:52:37"
"BTX","1192","0.08325896","4.10719303","ask","2017-10-05 12:52:42"
"BTX","1193","0.08325896","4.10719303","ask","2017-10-05 12:52:47"
"BTX","1194","0.08325896","4.10719303","ask","2017-10-05 12:52:51"
"BTX","1195","0.08325896","4.10719303","ask","2017-10-05 12:52:55"
"BTX","1196","0.08325896","4.10719303","ask","2017-10-05 12:52:59"
"BTX","1197","0.08325896","3.10719303","ask","2017-10-05 12:53:04"
"BTX","1198","0.08325896","3.10719303","ask","2017-10-05 12:53:09"
"BTX","1199","0.08325896","3.10719303","ask","2017-10-05 12:53:13"
"BTX","1200","0.08325896","3.10719303","ask","2017-10-05 12:53:17"
"BTX","1201","0.08325896","3.10719303","ask","2017-10-05 12:53:22"
"BTX","1202","0.08325896","3.10719303","ask","2017-10-05 12:53:26"
"BTX","1203","0.08325896","14.42135340","ask","2017-10-05 12:53:30"
"BTX","1204","0.08325896","14.42135340","ask","2017-10-05 12:53:34"
"BTX","1205","0.08325896","14.42135340","ask","2017-10-05 12:53:37"
"BTX","1206","0.08325896","14.42135340","ask","2017-10-05 12:53:42"
"BTX","1207","0.08325896","14.42135340","ask","2017-10-05 12:53:48"
"BTX","1208","0.08325873","3.47271909","ask","2017-10-05 12:53:51"
"BTX","1209","0.08325873","3.47271909","ask","2017-10-05 12:53:55"
"BTX","1210","0.08325873","3.47271909","ask","2017-10-05 12:54:00"
"BTX","1211","0.08325873","3.47271909","ask","2017-10-05 12:54:04"
"BTX","1212","0.08325873","3.47271909","ask","2017-10-05 12:54:09"
"BTX","1213","0.08325873","3.47271909","ask","2017-10-05 12:54:14"
"BTX","1214","0.08325873","0.34771909","ask","2017-10-05 12:54:19"
"BTX","1215","0.08325873","0.34771909","ask","2017-10-05 12:54:24"
"BTX","1216","0.08325873","0.34771909","ask","2017-10-05 12:54:28"
"BTX","1217","0.08325873","0.22761157","ask","2017-10-05 12:54:33"
"BTX","1218","0.08325873","0.22761157","ask","2017-10-05 12:54:37"
"BTX","1219","0.08325873","0.02261157","ask","2017-10-05 12:54:41"
"BTX","1220","0.08325873","0.02261157","ask","2017-10-05 12:54:45"
"BTX","1221","0.08325896","8.47726497","ask","2017-10-05 12:54:49"
"BTX","1222","0.08325896","7.27618972","ask","2017-10-05 12:54:53"
"BTX","1223","0.08325873","0.30000000","ask","2017-10-05 12:54:57"
"BTX","1224","0.08325896","1.78978772","ask","2017-10-05 12:55:01"
"BTX","1225","0.08325896","0.17878772","ask","2017-10-05 12:55:05"
"BTX","1226","0.08325896","0.17878772","ask","2017-10-05 12:55:10"
"BTX","1227","0.08325896","0.17136705","ask","2017-10-05 12:55:14"
"BTX","1228","0.08329019","0.03041136","ask","2017-10-05 12:55:19"
"BTX","1229","0.08329019","0.03041136","ask","2017-10-05 12:55:23"
"BTX","1230","0.08329019","0.02299069","ask","2017-10-05 12:55:27"
"BTX","1231","0.08339000","6.55168364","ask","2017-10-05 12:55:32"
"BTX","1232","0.08340000","0.84868971","ask","2017-10-05 12:55:36"
"BTX","1233","0.08359249","0.01829158","ask","2017-10-05 12:55:42"
"BTX","1234","0.08369000","0.02121652","ask","2017-10-05 12:55:47"
"BTX","1235","0.08369000","0.02121652","ask","2017-10-05 12:55:51"
"BTX","1236","0.08369000","0.02121652","ask","2017-10-05 12:55:56"
"BTX","1237","0.08369000","0.02121652","ask","2017-10-05 12:56:02"
"BTX","1238","0.08369000","0.02121652","ask","2017-10-05 12:56:06"
"BTX","1239","0.08394996","0.25420066","ask","2017-10-05 12:56:10"
"BTX","1240","0.08395000","94.22507016","ask","2017-10-05 12:56:14"
"BTX","1241","0.08395000","94.22507016","ask","2017-10-05 12:56:18"
"BTX","1242","0.08395000","94.22507016","ask","2017-10-05 12:56:22"
"BTX","1243","0.08395000","94.22507016","ask","2017-10-05 12:56:26"
"BTX","1244","0.08395000","89.48605450","ask","2017-10-05 12:56:31"
"BTX","1245","0.08395000","88.79505450","ask","2017-10-05 12:56:35"
"BTX","1246","0.08395000","1.35625274","ask","2017-10-05 12:56:41"
"BTX","1247","0.08395098","5.25127747","ask","2017-10-05 12:56:46"
"BTX","1248","0.08395098","5.25127747","ask","2017-10-05 12:56:52"
"BTX","1249","0.08400000","22.54793115","ask","2017-10-05 12:56:56"
"BTX","1250","0.08400000","21.64793115","ask","2017-10-05 12:57:01"
"BTX","1251","0.08403749","0.03300000","ask","2017-10-05 12:57:06"
"BTX","1252","0.08403749","0.03300000","ask","2017-10-05 12:57:10"
"BTX","1253","0.08403749","0.03300000","ask","2017-10-05 12:57:15"
"BTX","1254","0.08419000","3.52388967","ask","2017-10-05 12:57:19"
"BTX","1255","0.08450000","0.08642156","ask","2017-10-05 12:57:24"
"BTX","1256","0.08449999","0.03188598","ask","2017-10-05 12:57:30"
"BTX","1257","0.08450274","0.03529999","ask","2017-10-05 12:57:33"
"BTX","1258","0.08450274","0.03529999","ask","2017-10-05 12:57:37"
"BTX","1259","0.08434499","2.42424242","ask","2017-10-05 12:57:41"
"BTX","1260","0.08434499","0.24224242","ask","2017-10-05 12:57:45"
"BTX","1261","0.08434498","1.37943832","ask","2017-10-05 12:57:52"
"BTX","1262","0.08434498","1.37943832","ask","2017-10-05 12:57:57"
"BTX","1263","0.08434498","1.37943832","ask","2017-10-05 12:58:04"
"BTX","1264","0.08434499","4.26914064","ask","2017-10-05 12:58:08"
"BTX","1265","0.08450275","0.02823975","ask","2017-10-05 12:58:13"
"BTX","1266","0.08450275","0.02823975","ask","2017-10-05 12:58:17"
"BTX","1267","0.08450275","0.02823975","ask","2017-10-05 12:58:22"
"BTX","1268","0.08450275","0.02823975","ask","2017-10-05 12:58:27"
"BTX","1269","0.08450275","0.02823975","ask","2017-10-05 12:58:32"
"BTX","1270","0.08460717","0.00615780","ask","2017-10-05 12:58:36"
"BTX","1271","0.08460717","0.00615780","ask","2017-10-05 12:58:41"
"BTX","1272","0.08460717","0.00615780","ask","2017-10-05 12:58:45"
"BTX","1273","0.08499999","8.51208678","ask","2017-10-05 12:58:49"
"BTX","1274","0.08499998","4.64900000","ask","2017-10-05 12:58:53"
"BTX","1275","0.08499999","8.51208678","ask","2017-10-05 12:58:58"
"BTX","1276","0.08499998","0.82766299","ask","2017-10-05 12:59:02"
"BTX","1277","0.08520110","0.00615493","ask","2017-10-05 12:59:06"
"BTX","1278","0.08536000","2.27096741","ask","2017-10-05 12:59:11"
"BTX","1279","0.08535998","5.27300000","ask","2017-10-05 12:59:16"
"BTX","1280","0.08538146","0.09755566","ask","2017-10-05 12:59:20"
"BTX","1281","0.08535999","0.19086353","ask","2017-10-05 12:59:24"
"BTX","1282","0.08538146","0.09755566","ask","2017-10-05 12:59:28"
"BTX","1283","0.08538145","11.06959779","ask","2017-10-05 12:59:34"
"BTX","1284","0.08538146","0.09755566","ask","2017-10-05 12:59:38"
"BTX","1285","0.08535999","0.07100000","ask","2017-10-05 12:59:43"
"BTX","1286","0.08538146","0.08963431","ask","2017-10-05 12:59:47"
"BTX","1287","0.08538145","0.20000000","ask","2017-10-05 12:59:51"
"BTX","1288","0.08538145","0.20000000","ask","2017-10-05 12:59:55"
"BTX","1289","0.08538145","0.20000000","ask","2017-10-05 12:59:59"
"BTX","1290","0.08538145","0.20000000","ask","2017-10-05 13:00:04"
"BTX","1291","0.08538145","0.20000000","ask","2017-10-05 13:00:08"
"BTX","1292","0.08535999","1.74100000","ask","2017-10-05 13:00:13"
"BTX","1293","0.08538144","0.39727823","ask","2017-10-05 13:00:18"
"BTX","1294","0.08574598","6.88880000","ask","2017-10-05 13:00:22"
"BTX","1295","0.08524349","2.24700693","ask","2017-10-05 13:00:31"
"BTX","1296","0.08524349","2.24700693","ask","2017-10-05 13:00:35"
"BTX","1297","0.08514100","0.01600000","ask","2017-10-05 13:00:41"
"BTX","1298","0.08514100","0.01600000","ask","2017-10-05 13:00:45"
"BTX","1299","0.08514100","0.01600000","ask","2017-10-05 13:00:49"
"BTX","1300","0.08524349","0.00000016","ask","2017-10-05 13:00:53"
"BTX","1301","0.08524349","0.00000016","ask","2017-10-05 13:00:58"
"BTX","1302","0.08514100","2.97616254","ask","2017-10-05 13:01:03"
"BTX","1303","0.08540898","0.34239125","ask","2017-10-05 13:01:08"
"BTX","1304","0.08540898","0.34239125","ask","2017-10-05 13:01:16"
"BTX","1305","0.08540898","0.34239125","ask","2017-10-05 13:01:20"
"BTX","1306","0.08540899","0.40000000","ask","2017-10-05 13:01:25"
"BTX","1307","0.08540899","0.40000000","ask","2017-10-05 13:01:29"
"BTX","1308","0.08515276","2.18367357","ask","2017-10-05 13:01:34"
"BTX","1309","0.08540899","0.40000000","ask","2017-10-05 13:01:38"
"BTX","1310","0.08540899","0.40000000","ask","2017-10-05 13:01:42"
"BTX","1311","0.08540899","0.40000000","ask","2017-10-05 13:01:46"
"BTX","1312","0.08540899","0.40000000","ask","2017-10-05 13:01:51"
"BTX","1313","0.08540899","0.40000000","ask","2017-10-05 13:01:55"
"BTX","1314","0.08540899","0.40000000","ask","2017-10-05 13:01:59"
"BTX","1315","0.08540899","0.33931110","ask","2017-10-05 13:02:04"
"BTX","1316","0.08579550","0.07677277","ask","2017-10-05 13:02:08"
"BTX","1317","0.08579549","0.13008632","ask","2017-10-05 13:02:12"
"BTX","1318","0.08579549","0.13008632","ask","2017-10-05 13:02:16"
"BTX","1319","0.08579548","0.06008632","ask","2017-10-05 13:02:20"
"BTX","1320","0.08570000","3.88384710","ask","2017-10-05 13:02:24"
"BTX","1321","0.08570000","3.88384710","ask","2017-10-05 13:02:28"
"BTX","1322","0.08570000","3.71384710","ask","2017-10-05 13:02:32"
"BTX","1323","0.08570000","2.71384710","ask","2017-10-05 13:02:38"
"BTX","1324","0.08599999","4.13754284","ask","2017-10-05 13:02:43"
"BTX","1325","0.08599999","4.13754284","ask","2017-10-05 13:02:47"
"BTX","1326","0.08599999","3.83710539","ask","2017-10-05 13:02:52"
"BTX","1327","0.08599999","3.83710539","ask","2017-10-05 13:02:56"
"BTX","1328","0.08599999","2.43487583","ask","2017-10-05 13:03:01"
"BTX","1329","0.08599999","0.06820733","ask","2017-10-05 13:03:05"
"BTX","1330","0.08600000","0.04176208","ask","2017-10-05 13:03:10"
"BTX","1331","0.08599999","5.53726560","ask","2017-10-05 13:03:15"
"BTX","1332","0.08599999","7.54477667","ask","2017-10-05 13:03:19"
"BTX","1333","0.08600000","0.04176208","ask","2017-10-05 13:03:24"
"BTX","1334","0.08600000","0.04176208","ask","2017-10-05 13:03:28"
"BTX","1335","0.08600924","0.04504179","ask","2017-10-05 13:03:32"
"BTX","1336","0.08600924","0.04504179","ask","2017-10-05 13:03:36"
"BTX","1337","0.08599999","0.50000000","ask","2017-10-05 13:03:40"
"BTX","1338","0.08611369","0.11531533","ask","2017-10-05 13:03:45"
"BTX","1339","0.08611369","0.11531533","ask","2017-10-05 13:03:52"
"BTX","1340","0.08611369","0.11531533","ask","2017-10-05 13:03:57"
"BTX","1341","0.08611369","0.11531533","ask","2017-10-05 13:04:02"
"BTX","1342","0.08611369","0.11531533","ask","2017-10-05 13:04:06"
"BTX","1343","0.08611712","0.00631243","ask","2017-10-05 13:04:11"
"BTX","1344","0.08604300","0.28090147","ask","2017-10-05 13:04:15"
"BTX","1345","0.08604300","0.22279100","ask","2017-10-05 13:04:19"
"BTX","1346","0.08604300","0.22279100","ask","2017-10-05 13:04:23"
"BTX","1347","0.08604300","0.21699912","ask","2017-10-05 13:04:28"
"BTX","1348","0.08595696","22.00051974","ask","2017-10-05 13:04:33"
"BTX","1349","0.08595696","22.00051974","ask","2017-10-05 13:04:37"
"BTX","1350","0.08595695","11.67400000","ask","2017-10-05 13:04:41"
"BTX","1351","0.08595696","22.00051974","ask","2017-10-05 13:04:45"
"BTX","1352","0.08595696","21.11840635","ask","2017-10-05 13:04:48"
"BTX","1353","0.08595696","21.11840635","ask","2017-10-05 13:04:53"
"BTX","1354","0.08595696","21.11840635","ask","2017-10-05 13:04:57"
"BTX","1355","0.08595696","21.11840635","ask","2017-10-05 13:05:02"
"BTX","1356","0.08595696","21.05417472","ask","2017-10-05 13:05:08"
"BTX","1357","0.08604300","0.21699912","ask","2017-10-05 13:05:13"
"BTX","1358","0.08604300","0.21699912","ask","2017-10-05 13:05:18"
"BTX","1359","0.08587100","20.67295806","ask","2017-10-05 13:05:23"
"BTX","1360","0.08587100","14.71715384","ask","2017-10-05 13:05:27"
"BTX","1361","0.08587100","13.59787894","ask","2017-10-05 13:05:31"
"BTX","1362","0.08587100","13.59787894","ask","2017-10-05 13:05:36"
"BTX","1363","0.08587100","13.59787894","ask","2017-10-05 13:05:40"
"BTX","1364","0.08587100","13.59787894","ask","2017-10-05 13:05:44"
"BTX","1365","0.08587100","13.59787894","ask","2017-10-05 13:05:48"
"BTX","1366","0.08587100","6.00000000","ask","2017-10-05 13:05:52"
"BTX","1367","0.08604000","0.59516837","ask","2017-10-05 13:05:56"
"BTX","1368","0.08604000","0.59516837","ask","2017-10-05 13:06:00"
"BTX","1369","0.08604000","0.59516837","ask","2017-10-05 13:06:05"
"BTX","1370","0.08604000","0.53093674","ask","2017-10-05 13:06:12"
"BTX","1371","0.08587100","0.87200000","ask","2017-10-05 13:06:16"
"BTX","1372","0.08587100","0.87200000","ask","2017-10-05 13:06:21"
"BTX","1373","0.08587100","0.87200000","ask","2017-10-05 13:06:25"
"BTX","1374","0.08587100","0.87200000","ask","2017-10-05 13:06:31"
"BTX","1375","0.08587100","0.87200000","ask","2017-10-05 13:06:36"
"BTX","1376","0.08587100","0.87200000","ask","2017-10-05 13:06:41"
"BTX","1377","0.08587100","0.87200000","ask","2017-10-05 13:06:45"
"BTX","1378","0.08580000","5.71119619","ask","2017-10-05 13:06:49"
"BTX","1379","0.08580000","5.64610257","ask","2017-10-05 13:06:58"
"BTX","1380","0.08580000","4.29264590","ask","2017-10-05 13:07:03"
"BTX","1381","0.08580000","4.30333463","ask","2017-10-05 13:07:07"
"BTX","1382","0.08557211","5.74207459","ask","2017-10-05 13:07:12"
"BTX","1383","0.08557211","3.56235942","ask","2017-10-05 13:07:16"
"BTX","1384","0.08557211","3.56235942","ask","2017-10-05 13:07:20"
"BTX","1385","0.08557211","2.91641713","ask","2017-10-05 13:07:30"
"BTX","1386","0.08557211","2.91641713","ask","2017-10-05 13:07:35"
"BTX","1387","0.08557211","2.91641713","ask","2017-10-05 13:07:42"
"BTX","1388","0.08557211","2.91641713","ask","2017-10-05 13:07:47"
"BTX","1389","0.08557211","2.91641713","ask","2017-10-05 13:07:52"
"BTX","1390","0.08557211","2.90641713","ask","2017-10-05 13:07:56"
"BTX","1391","0.08557211","2.90641713","ask","2017-10-05 13:08:00"
"BTX","1392","0.08557211","2.90641713","ask","2017-10-05 13:08:06"
"BTX","1393","0.08557211","2.92735977","ask","2017-10-05 13:08:10"
"BTX","1394","0.08557211","2.92735977","ask","2017-10-05 13:08:14"
"BTX","1395","0.08557211","2.22735977","ask","2017-10-05 13:08:18"
"BTX","1396","0.08557211","2.22735977","ask","2017-10-05 13:08:22"
"BTX","1397","0.08557211","2.22735977","ask","2017-10-05 13:08:27"
"BTX","1398","0.08557211","2.22735977","ask","2017-10-05 13:08:31"
"BTX","1399","0.08557211","2.27453289","ask","2017-10-05 13:08:36"
"BTX","1400","0.08549821","4.25750233","ask","2017-10-05 13:08:46"
"BTX","1401","0.08549821","4.21249937","ask","2017-10-05 13:08:50"
"BTX","1402","0.08557209","11.51828601","ask","2017-10-05 13:08:56"
"BTX","1403","0.08557209","11.51828601","ask","2017-10-05 13:09:02"
"BTX","1404","0.08557209","8.40569330","ask","2017-10-05 13:09:09"
"BTX","1405","0.08522111","0.00473486","ask","2017-10-05 13:09:17"
"BTX","1406","0.08557209","1.60039306","ask","2017-10-05 13:09:25"
"BTX","1407","0.08557209","1.50039306","ask","2017-10-05 13:09:30"
"BTX","1408","0.08557209","1.50039306","ask","2017-10-05 13:09:37"
"BTX","1409","0.08557209","1.50039306","ask","2017-10-05 13:09:43"
"BTX","1410","0.08557209","2.00103967","ask","2017-10-05 13:09:48"
"BTX","1411","0.08557209","2.00103967","ask","2017-10-05 13:09:51"
"BTX","1412","0.08557209","2.00103967","ask","2017-10-05 13:09:55"
"BTX","1413","0.08557209","2.05370801","ask","2017-10-05 13:09:59"
"BTX","1414","0.08557209","3.05370801","ask","2017-10-05 13:10:03"
"BTX","1415","0.08557207","22.73300000","ask","2017-10-05 13:10:08"
"BTX","1416","0.08557207","22.73300000","ask","2017-10-05 13:10:13"
"BTX","1417","0.08555999","23.91100000","ask","2017-10-05 13:10:18"
"BTX","1418","0.08555999","23.91100000","ask","2017-10-05 13:10:24"
"BTX","1419","0.08555999","10.05400000","ask","2017-10-05 13:10:28"
"BTX","1420","0.08555999","10.05400000","ask","2017-10-05 13:10:33"
"BTX","1421","0.08555999","10.05400000","ask","2017-10-05 13:10:41"
"BTX","1422","0.08555999","10.05400000","ask","2017-10-05 13:10:45"
"BTX","1423","0.08555999","11.13400000","ask","2017-10-05 13:10:49"
"BTX","1424","0.08555999","1.08000000","ask","2017-10-05 13:10:54"
"BTX","1425","0.08555999","1.08000000","ask","2017-10-05 13:10:57"
"BTX","1426","0.08555999","1.08000000","ask","2017-10-05 13:11:01"
"BTX","1427","0.08555999","1.16646835","ask","2017-10-05 13:11:05"
"BTX","1428","0.08555999","0.08646835","ask","2017-10-05 13:11:09"
"BTX","1429","0.08555999","0.08646835","ask","2017-10-05 13:11:14"
"BTX","1430","0.08555999","0.08646835","ask","2017-10-05 13:11:18"
"BTX","1431","0.08555999","0.08646835","ask","2017-10-05 13:11:22"
"BTX","1432","0.08555999","0.08646835","ask","2017-10-05 13:11:26"
"BTX","1433","0.08555999","0.08646835","ask","2017-10-05 13:11:30"
"BTX","1434","0.08523100","1.03960648","ask","2017-10-05 13:11:34"
"BTX","1435","0.08523100","1.03960648","ask","2017-10-05 13:11:39"
"BTX","1436","0.08523000","5.13445036","ask","2017-10-05 13:11:49"
"BTX","1437","0.08523000","4.73898368","ask","2017-10-05 13:11:55"
"BTX","1438","0.08523000","4.73898368","ask","2017-10-05 13:11:59"
"BTX","1439","0.08523000","0.67022384","ask","2017-10-05 13:12:05"
"BTX","1440","0.08523100","1.03960648","ask","2017-10-05 13:12:10"
"BTX","1441","0.08523100","1.03960648","ask","2017-10-05 13:12:14"
"BTX","1442","0.08523100","1.12607483","ask","2017-10-05 13:12:19"
"BTX","1443","0.08523100","1.12607483","ask","2017-10-05 13:12:24"
"BTX","1444","0.08523000","0.17176503","ask","2017-10-05 13:12:30"
"BTX","1445","0.08523000","0.17176503","ask","2017-10-05 13:12:39"
"BTX","1446","0.08523000","2.53281428","ask","2017-10-05 13:12:43"
"BTX","1447","0.08523000","2.53281428","ask","2017-10-05 13:12:47"
"BTX","1448","0.08523000","2.53281428","ask","2017-10-05 13:12:56"
"BTX","1449","0.08523000","2.43281428","ask","2017-10-05 13:13:00"
"BTX","1450","0.08523000","1.51928263","ask","2017-10-05 13:13:05"
"BTX","1451","0.08523100","1.03960648","ask","2017-10-05 13:13:12"
"BTX","1452","0.08523100","1.03960648","ask","2017-10-05 13:13:17"
"BTX","1453","0.08523100","1.03960648","ask","2017-10-05 13:13:21"
"BTX","1454","0.08523100","1.03960648","ask","2017-10-05 13:13:25"
"BTX","1455","0.08523100","1.03960648","ask","2017-10-05 13:13:31"
"BTX","1456","0.08523100","1.03960648","ask","2017-10-05 13:13:36"
"BTX","1457","0.08523100","1.03960648","ask","2017-10-05 13:13:39"
"BTX","1458","0.08523100","1.03960648","ask","2017-10-05 13:13:44"
"BTX","1459","0.08523100","1.03960648","ask","2017-10-05 13:13:48"
"BTX","1460","0.08523100","1.03960648","ask","2017-10-05 13:13:52"
"BTX","1461","0.08523100","1.03960648","ask","2017-10-05 13:13:57"
"BTX","1462","0.08523100","1.03960648","ask","2017-10-05 13:14:01"
"BTX","1463","0.08523100","1.03960648","ask","2017-10-05 13:14:06"
"BTX","1464","0.08523100","1.03960648","ask","2017-10-05 13:14:11"
"BTX","1465","0.08523100","1.03960648","ask","2017-10-05 13:14:16"
"BTX","1466","0.08523100","1.03960648","ask","2017-10-05 13:14:21"
