"exchange_id","seq","rate","amount","order_type","created_time"
"BTX","1","0.08304306","0.10000000","bid","2017-10-05 11:17:10"
"BTX","2","0.08304306","0.10000000","bid","2017-10-05 11:17:15"
"BTX","3","0.08319602","3.00000000","bid","2017-10-05 11:17:21"
"BTX","4","0.08319602","3.00000000","bid","2017-10-05 11:17:27"
"BTX","5","0.08319602","3.00000000","bid","2017-10-05 11:17:33"
"BTX","6","0.08319602","3.00000000","bid","2017-10-05 11:17:38"
"BTX","7","0.08319602","3.00000000","bid","2017-10-05 11:17:43"
"BTX","8","0.08319602","3.00000000","bid","2017-10-05 11:17:49"
"BTX","9","0.08319602","3.00000000","bid","2017-10-05 11:17:53"
"BTX","10","0.08319602","4.79846344","bid","2017-10-05 11:17:57"
"BTX","11","0.08319602","4.79846344","bid","2017-10-05 11:18:01"
"BTX","12","0.08319602","4.79846344","bid","2017-10-05 11:18:05"
"BTX","13","0.08319602","4.58128910","bid","2017-10-05 11:18:09"
"BTX","14","0.08319602","4.58128910","bid","2017-10-05 11:18:13"
"BTX","15","0.08319602","4.58128910","bid","2017-10-05 11:18:17"
"BTX","16","0.08319602","4.58128910","bid","2017-10-05 11:18:22"
"BTX","17","0.08319602","4.58128910","bid","2017-10-05 11:18:26"
"BTX","18","0.08319602","4.58128910","bid","2017-10-05 11:18:30"
"BTX","19","0.08319602","4.58128910","bid","2017-10-05 11:18:35"
"BTX","20","0.08319602","4.58128910","bid","2017-10-05 11:18:40"
"BTX","21","0.08360000","9.23532434","bid","2017-10-05 11:18:46"
"BTX","22","0.08360000","9.23532434","bid","2017-10-05 11:18:50"
"BTX","23","0.08360000","7.23532434","bid","2017-10-05 11:18:56"
"BTX","24","0.08360000","5.10507234","bid","2017-10-05 11:19:00"
"BTX","25","0.08360000","5.10507234","bid","2017-10-05 11:19:04"
"BTX","26","0.08360000","3.10507234","bid","2017-10-05 11:19:08"
"BTX","27","0.08360000","3.10507234","bid","2017-10-05 11:19:12"
"BTX","28","0.08360000","0.00057234","bid","2017-10-05 11:19:17"
"BTX","29","0.08360000","0.00057234","bid","2017-10-05 11:19:22"
"BTX","30","0.08360000","0.00057234","bid","2017-10-05 11:19:26"
"BTX","31","0.08360000","0.00057234","bid","2017-10-05 11:19:30"
"BTX","32","0.08360000","0.00057234","bid","2017-10-05 11:19:34"
"BTX","33","0.08360000","0.00057234","bid","2017-10-05 11:19:38"
"BTX","34","0.08319602","4.58128910","bid","2017-10-05 11:19:42"
"BTX","35","0.08319602","4.58128910","bid","2017-10-05 11:19:46"
"BTX","36","0.08320000","0.58356999","bid","2017-10-05 11:19:50"
"BTX","37","0.08320000","0.58356999","bid","2017-10-05 11:19:55"
"BTX","38","0.08320000","0.58356999","bid","2017-10-05 11:20:03"
"BTX","39","0.08320000","0.58356999","bid","2017-10-05 11:20:09"
"BTX","40","0.08320000","0.58356999","bid","2017-10-05 11:20:13"
"BTX","41","0.08320000","0.58356999","bid","2017-10-05 11:20:17"
"BTX","42","0.08320000","0.58356999","bid","2017-10-05 11:20:21"
"BTX","43","0.08320000","0.58356999","bid","2017-10-05 11:20:25"
"BTX","44","0.08319602","2.16485909","bid","2017-10-05 11:20:34"
"BTX","45","0.08319602","2.16485909","bid","2017-10-05 11:20:38"
"BTX","46","0.08319602","2.16485909","bid","2017-10-05 11:20:43"
"BTX","47","0.08319602","2.16485909","bid","2017-10-05 11:20:47"
"BTX","48","0.08319602","2.16485909","bid","2017-10-05 11:20:51"
"BTX","49","0.08319602","2.16485909","bid","2017-10-05 11:20:55"
"BTX","50","0.08319602","2.16485909","bid","2017-10-05 11:21:00"
"BTX","51","0.08319602","0.71838004","bid","2017-10-05 11:21:04"
"BTX","52","0.08319602","0.71838004","bid","2017-10-05 11:21:08"
"BTX","53","0.08319602","0.70586247","bid","2017-10-05 11:21:13"
"BTX","54","0.08319602","0.70586247","bid","2017-10-05 11:21:21"
"BTX","55","0.08319602","0.70586247","bid","2017-10-05 11:21:26"
"BTX","56","0.08319602","0.70586247","bid","2017-10-05 11:21:30"
"BTX","57","0.08319602","0.70586247","bid","2017-10-05 11:21:34"
"BTX","58","0.08319602","0.70586247","bid","2017-10-05 11:21:40"
"BTX","59","0.08319602","0.70586247","bid","2017-10-05 11:21:44"
"BTX","60","0.08320000","3.00000000","bid","2017-10-05 11:21:48"
"BTX","61","0.08320000","3.00000000","bid","2017-10-05 11:21:54"
"BTX","62","0.08320000","3.00000000","bid","2017-10-05 11:21:58"
"BTX","63","0.08320000","3.00000000","bid","2017-10-05 11:22:03"
"BTX","64","0.08320000","3.00000000","bid","2017-10-05 11:22:07"
"BTX","65","0.08320000","3.00000000","bid","2017-10-05 11:22:12"
"BTX","66","0.08320000","3.00000000","bid","2017-10-05 11:22:16"
"BTX","67","0.08319602","0.73217423","bid","2017-10-05 11:22:20"
"BTX","68","0.08319602","0.73217423","bid","2017-10-05 11:22:25"
"BTX","69","0.08351638","3.57719964","bid","2017-10-05 11:22:32"
"BTX","70","0.08351638","3.57719964","bid","2017-10-05 11:22:39"
"BTX","71","0.08351638","3.57719964","bid","2017-10-05 11:22:44"
"BTX","72","0.08351638","3.57719964","bid","2017-10-05 11:22:48"
"BTX","73","0.08351638","0.00058107","bid","2017-10-05 11:22:52"
"BTX","74","0.08351638","0.00058107","bid","2017-10-05 11:22:56"
"BTX","75","0.08351638","0.00058107","bid","2017-10-05 11:23:00"
"BTX","76","0.08351638","0.00058107","bid","2017-10-05 11:23:04"
"BTX","77","0.08351638","0.00058107","bid","2017-10-05 11:23:10"
"BTX","78","0.08351638","0.00058107","bid","2017-10-05 11:23:14"
"BTX","79","0.08351638","0.00058107","bid","2017-10-05 11:23:18"
"BTX","80","0.08351638","0.00058107","bid","2017-10-05 11:23:26"
"BTX","81","0.08351638","0.00058107","bid","2017-10-05 11:23:30"
"BTX","82","0.08351638","0.00058107","bid","2017-10-05 11:23:34"
"BTX","83","0.08351638","0.00058107","bid","2017-10-05 11:23:38"
"BTX","84","0.08351638","0.00058107","bid","2017-10-05 11:23:43"
"BTX","85","0.08351638","0.00058107","bid","2017-10-05 11:23:48"
"BTX","86","0.08351638","0.00058107","bid","2017-10-05 11:23:52"
"BTX","87","0.08351638","0.00058107","bid","2017-10-05 11:23:56"
"BTX","88","0.08351638","0.00058107","bid","2017-10-05 11:24:01"
"BTX","89","0.08351638","0.00058107","bid","2017-10-05 11:24:05"
"BTX","90","0.08351638","0.00058107","bid","2017-10-05 11:24:10"
"BTX","91","0.08351638","0.00070075","bid","2017-10-05 11:24:18"
"BTX","92","0.08319602","0.73217423","bid","2017-10-05 11:24:24"
"BTX","93","0.08319602","0.73217423","bid","2017-10-05 11:24:28"
"BTX","94","0.08319602","0.73217423","bid","2017-10-05 11:24:32"
"BTX","95","0.08319602","0.73217423","bid","2017-10-05 11:24:36"
"BTX","96","0.08319602","0.73217423","bid","2017-10-05 11:24:40"
"BTX","97","0.08319602","0.73217423","bid","2017-10-05 11:24:43"
"BTX","98","0.08319602","0.73217423","bid","2017-10-05 11:24:48"
"BTX","99","0.08319602","0.73217423","bid","2017-10-05 11:24:52"
"BTX","100","0.08319602","0.73217423","bid","2017-10-05 11:24:56"
"BTX","101","0.08319602","0.73217423","bid","2017-10-05 11:25:01"
"BTX","102","0.08319602","0.73217423","bid","2017-10-05 11:25:05"
"BTX","103","0.08319602","0.73217423","bid","2017-10-05 11:25:09"
"BTX","104","0.08319602","0.73217423","bid","2017-10-05 11:25:13"
"BTX","105","0.08319602","0.73217423","bid","2017-10-05 11:25:17"
"BTX","106","0.08319602","0.73217423","bid","2017-10-05 11:25:21"
"BTX","107","0.08319602","0.73217423","bid","2017-10-05 11:25:25"
"BTX","108","0.08319602","0.73217423","bid","2017-10-05 11:25:30"
"BTX","109","0.08319602","0.73217423","bid","2017-10-05 11:25:35"
"BTX","110","0.08319602","0.73217423","bid","2017-10-05 11:25:39"
"BTX","111","0.08319602","0.73217423","bid","2017-10-05 11:25:44"
"BTX","112","0.08319602","0.73217423","bid","2017-10-05 11:25:47"
"BTX","113","0.08319602","0.73217423","bid","2017-10-05 11:25:51"
"BTX","114","0.08319602","0.73217423","bid","2017-10-05 11:25:55"
"BTX","115","0.08319602","0.73217423","bid","2017-10-05 11:25:59"
"BTX","116","0.08319602","0.73217423","bid","2017-10-05 11:26:03"
"BTX","117","0.08319602","0.73217423","bid","2017-10-05 11:26:07"
"BTX","118","0.08319602","0.73217423","bid","2017-10-05 11:26:12"
"BTX","119","0.08319602","0.73217423","bid","2017-10-05 11:26:16"
"BTX","120","0.08319602","0.73217423","bid","2017-10-05 11:26:20"
"BTX","121","0.08319602","0.33217423","bid","2017-10-05 11:26:25"
"BTX","122","0.08319602","0.33217423","bid","2017-10-05 11:26:28"
"BTX","123","0.08319602","0.33217423","bid","2017-10-05 11:26:32"
"BTX","124","0.08319602","0.33217423","bid","2017-10-05 11:26:37"
"BTX","125","0.08319602","0.33217423","bid","2017-10-05 11:26:41"
"BTX","126","0.08319602","0.33217423","bid","2017-10-05 11:26:45"
"BTX","127","0.08319602","0.33217423","bid","2017-10-05 11:26:49"
"BTX","128","0.08319602","0.33217423","bid","2017-10-05 11:26:53"
"BTX","129","0.08319603","0.13932385","bid","2017-10-05 11:26:57"
"BTX","130","0.08319603","0.13932385","bid","2017-10-05 11:27:04"
"BTX","131","0.08319603","0.13932385","bid","2017-10-05 11:27:10"
"BTX","132","0.08319603","0.13932385","bid","2017-10-05 11:27:19"
"BTX","133","0.08320000","1.43870192","bid","2017-10-05 11:27:27"
"BTX","134","0.08320000","1.43870192","bid","2017-10-05 11:27:31"
"BTX","135","0.08320000","1.43870192","bid","2017-10-05 11:27:35"
"BTX","136","0.08320000","1.43870192","bid","2017-10-05 11:27:39"
"BTX","137","0.08320000","1.43870192","bid","2017-10-05 11:27:42"
"BTX","138","0.08320000","1.43870192","bid","2017-10-05 11:27:46"
"BTX","139","0.08351600","0.00073143","bid","2017-10-05 11:27:51"
"BTX","140","0.08320000","1.43870192","bid","2017-10-05 11:27:55"
"BTX","141","0.08320000","1.43870192","bid","2017-10-05 11:27:59"
"BTX","142","0.08320000","1.43870192","bid","2017-10-05 11:28:03"
"BTX","143","0.08320000","1.43870192","bid","2017-10-05 11:28:09"
"BTX","144","0.08320000","1.43870192","bid","2017-10-05 11:28:13"
"BTX","145","0.08320000","1.43870192","bid","2017-10-05 11:28:17"
"BTX","146","0.08320000","1.43870192","bid","2017-10-05 11:28:22"
"BTX","147","0.08320000","1.43870192","bid","2017-10-05 11:28:26"
"BTX","148","0.08320000","1.43870192","bid","2017-10-05 11:28:31"
"BTX","149","0.08320000","1.43870192","bid","2017-10-05 11:28:35"
"BTX","150","0.08320000","1.43870192","bid","2017-10-05 11:28:39"
"BTX","151","0.08320000","1.43870192","bid","2017-10-05 11:28:43"
"BTX","152","0.08329294","0.10000000","bid","2017-10-05 11:28:47"
"BTX","153","0.08329294","0.10000000","bid","2017-10-05 11:28:51"
"BTX","154","0.08329294","0.10000000","bid","2017-10-05 11:28:55"
"BTX","155","0.08329294","0.10000000","bid","2017-10-05 11:29:01"
"BTX","156","0.08329294","0.10000000","bid","2017-10-05 11:29:14"
"BTX","157","0.08329294","0.10000000","bid","2017-10-05 11:29:18"
"BTX","158","0.08329294","0.10000000","bid","2017-10-05 11:29:23"
"BTX","159","0.08329294","0.10000000","bid","2017-10-05 11:29:27"
"BTX","160","0.08329294","0.10000000","bid","2017-10-05 11:29:36"
"BTX","161","0.08329294","0.10000000","bid","2017-10-05 11:29:40"
"BTX","162","0.08329294","0.05880400","bid","2017-10-05 11:29:46"
"BTX","163","0.08329294","0.05880400","bid","2017-10-05 11:29:51"
"BTX","164","0.08329294","0.05880400","bid","2017-10-05 11:29:56"
"BTX","165","0.08329294","0.05880400","bid","2017-10-05 11:30:00"
"BTX","166","0.08329294","0.05880400","bid","2017-10-05 11:30:04"
"BTX","167","0.08320000","1.60925572","bid","2017-10-05 11:30:08"
"BTX","168","0.08320000","1.60925572","bid","2017-10-05 11:30:14"
"BTX","169","0.08320000","1.60925572","bid","2017-10-05 11:30:18"
"BTX","170","0.08320000","1.60925572","bid","2017-10-05 11:30:23"
"BTX","171","0.08320000","1.60925572","bid","2017-10-05 11:30:27"
"BTX","172","0.08329294","0.12817377","bid","2017-10-05 11:30:31"
"BTX","173","0.08329294","0.27748645","bid","2017-10-05 11:30:36"
"BTX","174","0.08329294","0.27748645","bid","2017-10-05 11:30:40"
"BTX","175","0.08329294","0.27748645","bid","2017-10-05 11:30:44"
"BTX","176","0.08329294","0.27748645","bid","2017-10-05 11:30:48"
"BTX","177","0.08329294","0.27748645","bid","2017-10-05 11:30:54"
"BTX","178","0.08329294","0.27748645","bid","2017-10-05 11:30:58"
"BTX","179","0.08329294","0.27748645","bid","2017-10-05 11:31:03"
"BTX","180","0.08329294","0.31394834","bid","2017-10-05 11:31:07"
"BTX","181","0.08329294","0.31394834","bid","2017-10-05 11:31:12"
"BTX","182","0.08329294","0.31394834","bid","2017-10-05 11:31:17"
"BTX","183","0.08329294","0.31394834","bid","2017-10-05 11:31:23"
"BTX","184","0.08329294","0.31394834","bid","2017-10-05 11:31:28"
"BTX","185","0.08329294","0.31394834","bid","2017-10-05 11:31:31"
"BTX","186","0.08329294","0.31394834","bid","2017-10-05 11:31:36"
"BTX","187","0.08329294","0.31394834","bid","2017-10-05 11:31:40"
"BTX","188","0.08329294","0.31394834","bid","2017-10-05 11:31:44"
"BTX","189","0.08329294","0.31394834","bid","2017-10-05 11:31:48"
"BTX","190","0.08329294","0.31394834","bid","2017-10-05 11:31:53"
"BTX","191","0.08329294","0.31394834","bid","2017-10-05 11:32:03"
"BTX","192","0.08329294","0.31394834","bid","2017-10-05 11:32:07"
"BTX","193","0.08329294","0.31394834","bid","2017-10-05 11:32:12"
"BTX","194","0.08329294","0.31394834","bid","2017-10-05 11:32:17"
"BTX","195","0.08329294","0.31394834","bid","2017-10-05 11:32:21"
"BTX","196","0.08329294","0.31394834","bid","2017-10-05 11:32:25"
"BTX","197","0.08329294","0.31394834","bid","2017-10-05 11:32:29"
"BTX","198","0.08329294","0.31394834","bid","2017-10-05 11:32:33"
"BTX","199","0.08329294","0.31394834","bid","2017-10-05 11:32:47"
"BTX","200","0.08329294","0.31394834","bid","2017-10-05 11:32:53"
"BTX","201","0.08329294","0.31394834","bid","2017-10-05 11:32:56"
"BTX","202","0.08329294","0.31394834","bid","2017-10-05 11:33:01"
"BTX","203","0.08329294","0.31394834","bid","2017-10-05 11:33:05"
"BTX","204","0.08320000","1.57221940","bid","2017-10-05 11:33:09"
"BTX","205","0.08320000","1.57221940","bid","2017-10-05 11:33:13"
"BTX","206","0.08320000","1.57221940","bid","2017-10-05 11:33:24"
"BTX","207","0.08320000","1.57221940","bid","2017-10-05 11:33:30"
"BTX","208","0.08320000","1.57221940","bid","2017-10-05 11:33:36"
"BTX","209","0.08320000","1.57221940","bid","2017-10-05 11:33:43"
"BTX","210","0.08319602","0.33217423","bid","2017-10-05 11:33:47"
"BTX","211","0.08319602","0.33217423","bid","2017-10-05 11:33:51"
"BTX","212","0.08322000","1.19642308","bid","2017-10-05 11:33:57"
"BTX","213","0.08322000","1.19642308","bid","2017-10-05 11:34:02"
"BTX","214","0.08320000","30.59408823","bid","2017-10-05 11:34:09"
"BTX","215","0.08320000","30.59408823","bid","2017-10-05 11:34:14"
"BTX","216","0.08322000","0.47407586","bid","2017-10-05 11:34:18"
"BTX","217","0.08322000","0.47407586","bid","2017-10-05 11:34:22"
"BTX","218","0.08322000","0.47407586","bid","2017-10-05 11:34:28"
"BTX","219","0.08322000","0.47407586","bid","2017-10-05 11:34:31"
"BTX","220","0.08322000","0.05207586","bid","2017-10-05 11:34:36"
"BTX","221","0.08322000","0.05207586","bid","2017-10-05 11:34:40"
"BTX","222","0.08322000","0.05207586","bid","2017-10-05 11:34:44"
"BTX","223","0.08322000","0.05207586","bid","2017-10-05 11:34:49"
"BTX","224","0.08322000","1.00470346","bid","2017-10-05 11:34:54"
"BTX","225","0.08322000","1.00470346","bid","2017-10-05 11:34:58"
"BTX","226","0.08322000","1.00470346","bid","2017-10-05 11:35:02"
"BTX","227","0.08322000","1.00470346","bid","2017-10-05 11:35:07"
"BTX","228","0.08322000","0.05207586","bid","2017-10-05 11:35:12"
"BTX","229","0.08322000","0.05207586","bid","2017-10-05 11:35:18"
"BTX","230","0.08322000","0.05207586","bid","2017-10-05 11:35:23"
"BTX","231","0.08322000","0.05207586","bid","2017-10-05 11:35:28"
"BTX","232","0.08322832","0.08545728","bid","2017-10-05 11:35:32"
"BTX","233","0.08322832","0.08545728","bid","2017-10-05 11:35:37"
"BTX","234","0.08322832","0.08545728","bid","2017-10-05 11:35:40"
"BTX","235","0.08322832","0.08545728","bid","2017-10-05 11:35:45"
"BTX","236","0.08322832","0.08545728","bid","2017-10-05 11:35:49"
"BTX","237","0.08322000","0.05207586","bid","2017-10-05 11:35:53"
"BTX","238","0.08322000","0.05207586","bid","2017-10-05 11:36:00"
"BTX","239","0.08322000","0.05207586","bid","2017-10-05 11:36:04"
"BTX","240","0.08322000","2.25559028","bid","2017-10-05 11:36:09"
"BTX","241","0.08320000","28.20810729","bid","2017-10-05 11:36:13"
"BTX","242","0.08320000","28.20810729","bid","2017-10-05 11:36:19"
"BTX","243","0.08320000","28.20810729","bid","2017-10-05 11:36:22"
"BTX","244","0.08320000","28.20810729","bid","2017-10-05 11:36:26"
"BTX","245","0.08320000","28.20810729","bid","2017-10-05 11:36:30"
"BTX","246","0.08320000","28.20810729","bid","2017-10-05 11:36:34"
"BTX","247","0.08320000","28.20810729","bid","2017-10-05 11:36:38"
"BTX","248","0.08320001","74.00000000","bid","2017-10-05 11:36:42"
"BTX","249","0.08320001","69.00000000","bid","2017-10-05 11:36:48"
"BTX","250","0.08320001","69.00000000","bid","2017-10-05 11:36:53"
"BTX","251","0.08338283","1.19628945","bid","2017-10-05 11:36:57"
"BTX","252","0.08338283","1.19628945","bid","2017-10-05 11:37:02"
"BTX","253","0.08338283","1.19628945","bid","2017-10-05 11:37:06"
"BTX","254","0.08338283","1.19628945","bid","2017-10-05 11:37:10"
"BTX","255","0.08338283","1.19628945","bid","2017-10-05 11:37:15"
"BTX","256","0.08338283","1.19628945","bid","2017-10-05 11:37:18"
"BTX","257","0.08338283","1.19628945","bid","2017-10-05 11:37:23"
"BTX","258","0.08338283","1.19628945","bid","2017-10-05 11:37:27"
"BTX","259","0.08338283","1.19628945","bid","2017-10-05 11:37:31"
"BTX","260","0.08338283","1.19628945","bid","2017-10-05 11:37:34"
"BTX","261","0.08338283","1.19628945","bid","2017-10-05 11:37:39"
"BTX","262","0.08338283","1.19628945","bid","2017-10-05 11:37:44"
"BTX","263","0.08338283","0.68628945","bid","2017-10-05 11:37:48"
"BTX","264","0.08338283","0.68628945","bid","2017-10-05 11:37:52"
"BTX","265","0.08338283","0.68628945","bid","2017-10-05 11:37:55"
"BTX","266","0.08338283","0.17628945","bid","2017-10-05 11:38:00"
"BTX","267","0.08338283","0.17628945","bid","2017-10-05 11:38:05"
"BTX","268","0.08338283","0.17628945","bid","2017-10-05 11:38:09"
"BTX","269","0.08338283","0.17628945","bid","2017-10-05 11:38:13"
"BTX","270","0.08338283","0.17628945","bid","2017-10-05 11:38:18"
"BTX","271","0.08338283","0.03067053","bid","2017-10-05 11:38:22"
"BTX","272","0.08338283","0.02067053","bid","2017-10-05 11:38:26"
"BTX","273","0.08338283","0.02067053","bid","2017-10-05 11:38:30"
"BTX","274","0.08338283","0.02067053","bid","2017-10-05 11:38:35"
"BTX","275","0.08338283","0.02067053","bid","2017-10-05 11:38:39"
"BTX","276","0.08338283","0.02067053","bid","2017-10-05 11:38:44"
"BTX","277","0.08338283","0.01067053","bid","2017-10-05 11:38:53"
"BTX","278","0.08320001","63.99000000","bid","2017-10-05 11:38:57"
"BTX","279","0.08320001","63.99000000","bid","2017-10-05 11:39:04"
"BTX","280","0.08320001","63.99000000","bid","2017-10-05 11:39:09"
"BTX","281","0.08320001","63.99930984","bid","2017-10-05 11:39:13"
"BTX","282","0.08320001","63.98930984","bid","2017-10-05 11:39:18"
"BTX","283","0.08320001","63.77858954","bid","2017-10-05 11:39:23"
"BTX","284","0.08320001","63.77858954","bid","2017-10-05 11:39:27"
"BTX","285","0.08320001","63.77858954","bid","2017-10-05 11:39:30"
"BTX","286","0.08321000","0.05335897","bid","2017-10-05 11:39:39"
"BTX","287","0.08321000","0.04335897","bid","2017-10-05 11:39:44"
"BTX","288","0.08321000","0.04335897","bid","2017-10-05 11:39:48"
"BTX","289","0.08321000","0.04335897","bid","2017-10-05 11:39:52"
"BTX","290","0.08320001","63.72194851","bid","2017-10-05 11:39:56"
"BTX","291","0.08320001","63.72194851","bid","2017-10-05 11:40:02"
"BTX","292","0.08320001","63.71194851","bid","2017-10-05 11:40:06"
"BTX","293","0.08320001","63.70194851","bid","2017-10-05 11:40:14"
"BTX","294","0.08320001","63.70194851","bid","2017-10-05 11:40:18"
"BTX","295","0.08320001","63.62662268","bid","2017-10-05 11:40:22"
"BTX","296","0.08320001","59.85007961","bid","2017-10-05 11:40:26"
"BTX","297","0.08320001","59.85007961","bid","2017-10-05 11:40:30"
"BTX","298","0.08320001","59.85007961","bid","2017-10-05 11:40:34"
"BTX","299","0.08320001","59.85007961","bid","2017-10-05 11:40:38"
"BTX","300","0.08320001","59.85007961","bid","2017-10-05 11:40:43"
"BTX","301","0.08320001","58.52794603","bid","2017-10-05 11:40:49"
"BTX","302","0.08320001","58.52794603","bid","2017-10-05 11:40:53"
"BTX","303","0.08320001","60.52794603","bid","2017-10-05 11:40:58"
"BTX","304","0.08320001","60.51794603","bid","2017-10-05 11:41:02"
"BTX","305","0.08320001","60.51794603","bid","2017-10-05 11:41:07"
"BTX","306","0.08320001","60.51794603","bid","2017-10-05 11:41:10"
"BTX","307","0.08320001","58.51794603","bid","2017-10-05 11:41:15"
"BTX","308","0.08320003","2.00000000","bid","2017-10-05 11:41:20"
"BTX","309","0.08320003","2.00000000","bid","2017-10-05 11:41:24"
"BTX","310","0.08320003","2.00000000","bid","2017-10-05 11:41:28"
"BTX","311","0.08320003","2.00000000","bid","2017-10-05 11:41:35"
"BTX","312","0.08320003","2.00000000","bid","2017-10-05 11:41:40"
"BTX","313","0.08320005","0.13400000","bid","2017-10-05 11:41:44"
"BTX","314","0.08320005","0.12400000","bid","2017-10-05 11:41:49"
"BTX","315","0.08320005","0.12400000","bid","2017-10-05 11:41:54"
"BTX","316","0.08320005","0.12400000","bid","2017-10-05 11:42:04"
"BTX","317","0.08320005","0.12400000","bid","2017-10-05 11:42:08"
"BTX","318","0.08320005","0.12400000","bid","2017-10-05 11:42:12"
"BTX","319","0.08320005","0.12400000","bid","2017-10-05 11:42:16"
"BTX","320","0.08320005","0.72209330","bid","2017-10-05 11:42:20"
"BTX","321","0.08320005","0.72209330","bid","2017-10-05 11:42:24"
"BTX","322","0.08320005","0.71209330","bid","2017-10-05 11:42:28"
"BTX","323","0.08320005","0.71209330","bid","2017-10-05 11:42:33"
"BTX","324","0.08320005","0.71209330","bid","2017-10-05 11:42:37"
"BTX","325","0.08320005","0.71209330","bid","2017-10-05 11:42:41"
"BTX","326","0.08320005","0.71209330","bid","2017-10-05 11:42:47"
"BTX","327","0.08320005","0.70209330","bid","2017-10-05 11:42:51"
"BTX","328","0.08320005","0.70209330","bid","2017-10-05 11:42:55"
"BTX","329","0.08320005","0.70209330","bid","2017-10-05 11:42:58"
"BTX","330","0.08320005","0.69209330","bid","2017-10-05 11:43:04"
"BTX","331","0.08320005","0.69209330","bid","2017-10-05 11:43:08"
"BTX","332","0.08320005","0.69209330","bid","2017-10-05 11:43:12"
"BTX","333","0.08320005","0.69209330","bid","2017-10-05 11:43:21"
"BTX","334","0.08320005","0.68209330","bid","2017-10-05 11:43:31"
"BTX","335","0.08320005","0.68209330","bid","2017-10-05 11:43:37"
"BTX","336","0.08320005","0.67209330","bid","2017-10-05 11:43:42"
"BTX","337","0.08320005","0.67209330","bid","2017-10-05 11:43:48"
"BTX","338","0.08320007","31.54175983","bid","2017-10-05 11:43:54"
"BTX","339","0.08320007","31.54175983","bid","2017-10-05 11:43:58"
"BTX","340","0.08320007","31.54175983","bid","2017-10-05 11:44:04"
"BTX","341","0.08320005","0.67209330","bid","2017-10-05 11:44:09"
"BTX","342","0.08320005","0.67209330","bid","2017-10-05 11:44:14"
"BTX","343","0.08320005","0.67209330","bid","2017-10-05 11:44:19"
"BTX","344","0.08320005","0.67209330","bid","2017-10-05 11:44:24"
"BTX","345","0.08320005","0.67209330","bid","2017-10-05 11:44:29"
"BTX","346","0.08320006","1.32213278","bid","2017-10-05 11:44:34"
"BTX","347","0.08320006","1.32213278","bid","2017-10-05 11:44:39"
"BTX","348","0.08320006","1.32213278","bid","2017-10-05 11:44:50"
"BTX","349","0.08320006","1.32213278","bid","2017-10-05 11:44:54"
"BTX","350","0.08320006","1.32213278","bid","2017-10-05 11:45:00"
"BTX","351","0.08320006","1.32213278","bid","2017-10-05 11:45:04"
"BTX","352","0.08320016","2.00000000","bid","2017-10-05 11:45:10"
"BTX","353","0.08320016","2.00000000","bid","2017-10-05 11:45:18"
"BTX","354","0.08320016","2.00000000","bid","2017-10-05 11:45:26"
"BTX","355","0.08320016","2.00000000","bid","2017-10-05 11:45:31"
"BTX","356","0.08320016","2.00000000","bid","2017-10-05 11:45:38"
"BTX","357","0.08320016","2.00000000","bid","2017-10-05 11:45:48"
"BTX","358","0.08320016","2.00000000","bid","2017-10-05 11:45:55"
"BTX","359","0.08320016","2.00000000","bid","2017-10-05 11:46:00"
"BTX","360","0.08320016","2.00000000","bid","2017-10-05 11:46:06"
"BTX","361","0.08320005","0.36172268","bid","2017-10-05 11:46:12"
"BTX","362","0.08320005","0.36172268","bid","2017-10-05 11:46:17"
"BTX","363","0.08320005","0.33172268","bid","2017-10-05 11:46:21"
"BTX","364","0.08320005","0.33172268","bid","2017-10-05 11:46:25"
"BTX","365","0.08320005","0.33172268","bid","2017-10-05 11:46:31"
"BTX","366","0.08320005","0.33172268","bid","2017-10-05 11:46:37"
"BTX","367","0.08320005","0.33172268","bid","2017-10-05 11:46:42"
"BTX","368","0.08320005","0.33172268","bid","2017-10-05 11:46:46"
"BTX","369","0.08320005","0.33172268","bid","2017-10-05 11:46:51"
"BTX","370","0.08320005","0.33172268","bid","2017-10-05 11:46:56"
"BTX","371","0.08320005","0.33172268","bid","2017-10-05 11:47:12"
"BTX","372","0.08320005","0.33172268","bid","2017-10-05 11:47:17"
"BTX","373","0.08320005","0.33172268","bid","2017-10-05 11:47:25"
"BTX","374","0.08320004","4.50793053","bid","2017-10-05 11:47:30"
"BTX","375","0.08320004","1.87193053","bid","2017-10-05 11:47:35"
"BTX","376","0.08320004","1.87193053","bid","2017-10-05 11:47:40"
"BTX","377","0.08320004","1.87193053","bid","2017-10-05 11:47:44"
"BTX","378","0.08320004","1.87193053","bid","2017-10-05 11:47:50"
"BTX","379","0.08320004","1.87193053","bid","2017-10-05 11:47:54"
"BTX","380","0.08320004","1.87193053","bid","2017-10-05 11:47:59"
"BTX","381","0.08320005","3.21189165","bid","2017-10-05 11:48:04"
"BTX","382","0.08320005","3.21189165","bid","2017-10-05 11:48:08"
"BTX","383","0.08320005","2.36328165","bid","2017-10-05 11:48:12"
"BTX","384","0.08320005","2.36328165","bid","2017-10-05 11:48:16"
"BTX","385","0.08320005","2.36328165","bid","2017-10-05 11:48:21"
"BTX","386","0.08320004","1.87193053","bid","2017-10-05 11:48:26"
"BTX","387","0.08320004","1.87193053","bid","2017-10-05 11:48:31"
"BTX","388","0.08320004","1.87193053","bid","2017-10-05 11:48:36"
"BTX","389","0.08320004","1.87193053","bid","2017-10-05 11:48:40"
"BTX","390","0.08320004","0.16593053","bid","2017-10-05 11:48:46"
"BTX","391","0.08320004","0.00093053","bid","2017-10-05 11:48:50"
"BTX","392","0.08320004","0.00093053","bid","2017-10-05 11:48:55"
"BTX","393","0.08320001","11.23362037","bid","2017-10-05 11:49:00"
"BTX","394","0.08320001","10.23462037","bid","2017-10-05 11:49:05"
"BTX","395","0.08320001","9.23462038","bid","2017-10-05 11:49:09"
"BTX","396","0.08320001","8.59462038","bid","2017-10-05 11:49:14"
"BTX","397","0.08320001","8.59462038","bid","2017-10-05 11:49:19"
"BTX","398","0.08320001","8.59462038","bid","2017-10-05 11:49:23"
"BTX","399","0.08320001","8.59462038","bid","2017-10-05 11:49:29"
"BTX","400","0.08320001","8.40462038","bid","2017-10-05 11:49:33"
"BTX","401","0.08320001","8.40462038","bid","2017-10-05 11:49:37"
"BTX","402","0.08320001","8.40462038","bid","2017-10-05 11:49:41"
"BTX","403","0.08320001","8.40462038","bid","2017-10-05 11:49:47"
"BTX","404","0.08320001","8.40462038","bid","2017-10-05 11:49:51"
"BTX","405","0.08320001","8.40462038","bid","2017-10-05 11:49:55"
"BTX","406","0.08320001","8.40462038","bid","2017-10-05 11:49:59"
"BTX","407","0.08320001","7.40462038","bid","2017-10-05 11:50:03"
"BTX","408","0.08320001","7.40462038","bid","2017-10-05 11:50:08"
"BTX","409","0.08320001","7.40462038","bid","2017-10-05 11:50:16"
"BTX","410","0.08320001","7.40462038","bid","2017-10-05 11:50:20"
"BTX","411","0.08320001","7.40462038","bid","2017-10-05 11:50:24"
"BTX","412","0.08320001","7.40462038","bid","2017-10-05 11:50:29"
"BTX","413","0.08320001","7.40462038","bid","2017-10-05 11:50:34"
"BTX","414","0.08320001","7.40462038","bid","2017-10-05 11:50:38"
"BTX","415","0.08320001","7.40462038","bid","2017-10-05 11:50:43"
"BTX","416","0.08320004","0.12019223","bid","2017-10-05 11:50:55"
"BTX","417","0.08320004","0.12019223","bid","2017-10-05 11:50:59"
"BTX","418","0.08320004","0.12019223","bid","2017-10-05 11:51:04"
"BTX","419","0.08320004","0.12019223","bid","2017-10-05 11:51:09"
"BTX","420","0.08320004","0.12019223","bid","2017-10-05 11:51:12"
"BTX","421","0.08320001","7.40462038","bid","2017-10-05 11:51:17"
"BTX","422","0.08320001","7.40462038","bid","2017-10-05 11:51:22"
"BTX","423","0.08320001","7.40462038","bid","2017-10-05 11:51:26"
"BTX","424","0.08320001","7.40462038","bid","2017-10-05 11:51:31"
"BTX","425","0.08320001","7.40462038","bid","2017-10-05 11:51:35"
"BTX","426","0.08320001","7.40462038","bid","2017-10-05 11:51:45"
"BTX","427","0.08320001","7.40462038","bid","2017-10-05 11:51:50"
"BTX","428","0.08320001","7.40462038","bid","2017-10-05 11:51:54"
"BTX","429","0.08320001","7.40462038","bid","2017-10-05 11:51:58"
"BTX","430","0.08320001","7.40462038","bid","2017-10-05 11:52:02"
"BTX","431","0.08320001","7.40462038","bid","2017-10-05 11:52:07"
"BTX","432","0.08320001","7.40462038","bid","2017-10-05 11:52:12"
"BTX","433","0.08320005","2.39783510","bid","2017-10-05 11:52:16"
"BTX","434","0.08320005","2.39783510","bid","2017-10-05 11:52:20"
"BTX","435","0.08298000","0.58028186","bid","2017-10-05 11:52:25"
"BTX","436","0.08298000","0.58028186","bid","2017-10-05 11:52:30"
"BTX","437","0.08298000","0.58028186","bid","2017-10-05 11:52:33"
"BTX","438","0.08298001","13.28200000","bid","2017-10-05 11:52:38"
"BTX","439","0.08298001","8.72700000","bid","2017-10-05 11:52:42"
"BTX","440","0.08298001","8.72700000","bid","2017-10-05 11:52:46"
"BTX","441","0.08298000","2.85078186","bid","2017-10-05 11:52:50"
"BTX","442","0.08298000","2.85078186","bid","2017-10-05 11:52:55"
"BTX","443","0.08298000","2.85078186","bid","2017-10-05 11:52:59"
"BTX","444","0.08298000","2.85078186","bid","2017-10-05 11:53:03"
"BTX","445","0.08298000","2.85078186","bid","2017-10-05 11:53:07"
"BTX","446","0.08298000","2.85078186","bid","2017-10-05 11:53:11"
"BTX","447","0.08298000","2.85078186","bid","2017-10-05 11:53:15"
"BTX","448","0.08298000","1.86290019","bid","2017-10-05 11:53:19"
"BTX","449","0.08298000","1.86290019","bid","2017-10-05 11:53:24"
"BTX","450","0.08298000","1.86290019","bid","2017-10-05 11:53:28"
"BTX","451","0.08298000","1.86290019","bid","2017-10-05 11:53:32"
"BTX","452","0.08292224","0.05568545","bid","2017-10-05 11:53:36"
"BTX","453","0.08292224","0.05568545","bid","2017-10-05 11:53:40"
"BTX","454","0.08292224","0.05568545","bid","2017-10-05 11:53:45"
"BTX","455","0.08292224","0.05568545","bid","2017-10-05 11:53:50"
"BTX","456","0.08292224","0.05568545","bid","2017-10-05 11:53:53"
"BTX","457","0.08292224","0.05568545","bid","2017-10-05 11:53:58"
"BTX","458","0.08292224","0.05568545","bid","2017-10-05 11:54:04"
"BTX","459","0.08299000","10.00000000","bid","2017-10-05 11:54:08"
"BTX","460","0.08299000","10.00000000","bid","2017-10-05 11:54:13"
"BTX","461","0.08299000","10.00000000","bid","2017-10-05 11:54:17"
"BTX","462","0.08299000","10.00000000","bid","2017-10-05 11:54:21"
"BTX","463","0.08299000","10.00000000","bid","2017-10-05 11:54:25"
"BTX","464","0.08299000","10.00000000","bid","2017-10-05 11:54:29"
"BTX","465","0.08299000","10.00000000","bid","2017-10-05 11:54:34"
"BTX","466","0.08299000","10.00000000","bid","2017-10-05 11:54:38"
"BTX","467","0.08299000","10.00000000","bid","2017-10-05 11:54:42"
"BTX","468","0.08299000","10.00000000","bid","2017-10-05 11:54:47"
"BTX","469","0.08299000","10.00000000","bid","2017-10-05 11:54:51"
"BTX","470","0.08299000","10.00000000","bid","2017-10-05 11:54:55"
"BTX","471","0.08299000","10.00000000","bid","2017-10-05 11:55:00"
"BTX","472","0.08299000","10.00000000","bid","2017-10-05 11:55:05"
"BTX","473","0.08299000","10.00000000","bid","2017-10-05 11:55:11"
"BTX","474","0.08299000","10.00000000","bid","2017-10-05 11:55:15"
"BTX","475","0.08299000","10.00000000","bid","2017-10-05 11:55:19"
"BTX","476","0.08299000","10.00000000","bid","2017-10-05 11:55:24"
"BTX","477","0.08299000","10.00000000","bid","2017-10-05 11:55:28"
"BTX","478","0.08299010","7.62503983","bid","2017-10-05 11:55:32"
"BTX","479","0.08299010","7.62503983","bid","2017-10-05 11:55:36"
"BTX","480","0.08299010","7.62503983","bid","2017-10-05 11:55:40"
"BTX","481","0.08299010","7.62503983","bid","2017-10-05 11:55:44"
"BTX","482","0.08299000","10.41111664","bid","2017-10-05 11:55:48"
"BTX","483","0.08299000","10.41111664","bid","2017-10-05 11:55:52"
"BTX","484","0.08299829","0.08019565","bid","2017-10-05 11:55:56"
"BTX","485","0.08299829","0.08019565","bid","2017-10-05 11:56:04"
"BTX","486","0.08299829","0.08019565","bid","2017-10-05 11:56:12"
"BTX","487","0.08299000","10.41111664","bid","2017-10-05 11:56:20"
"BTX","488","0.08299000","10.41111664","bid","2017-10-05 11:56:24"
"BTX","489","0.08299000","10.41111664","bid","2017-10-05 11:56:28"
"BTX","490","0.08299000","10.41111664","bid","2017-10-05 11:56:32"
"BTX","491","0.08299000","10.41111664","bid","2017-10-05 11:56:36"
"BTX","492","0.08299000","10.41111664","bid","2017-10-05 11:56:40"
"BTX","493","0.08299000","10.41111664","bid","2017-10-05 11:56:45"
"BTX","494","0.08299000","10.41111664","bid","2017-10-05 11:56:49"
"BTX","495","0.08299000","10.41111664","bid","2017-10-05 11:56:53"
"BTX","496","0.08299000","10.41111664","bid","2017-10-05 11:56:57"
"BTX","497","0.08299000","10.41111664","bid","2017-10-05 11:57:01"
"BTX","498","0.08299000","10.41111664","bid","2017-10-05 11:57:05"
"BTX","499","0.08299000","8.78768705","bid","2017-10-05 11:57:09"
"BTX","500","0.08299000","8.78768705","bid","2017-10-05 11:57:13"
"BTX","501","0.08299000","8.78768705","bid","2017-10-05 11:57:17"
"BTX","502","0.08299000","18.11611630","bid","2017-10-05 11:57:21"
"BTX","503","0.08299000","18.11611630","bid","2017-10-05 11:57:25"
"BTX","504","0.08299000","18.11611630","bid","2017-10-05 11:57:30"
"BTX","505","0.08299000","18.11611630","bid","2017-10-05 11:57:34"
"BTX","506","0.08299000","18.11611630","bid","2017-10-05 11:57:39"
"BTX","507","0.08299000","16.04799803","bid","2017-10-05 11:57:43"
"BTX","508","0.08299000","16.04799803","bid","2017-10-05 11:57:47"
"BTX","509","0.08299000","16.04799803","bid","2017-10-05 11:57:52"
"BTX","510","0.08299000","16.04799803","bid","2017-10-05 11:57:56"
"BTX","511","0.08299000","16.04799803","bid","2017-10-05 11:58:02"
"BTX","512","0.08299000","16.04799803","bid","2017-10-05 11:58:06"
"BTX","513","0.08299000","16.04799803","bid","2017-10-05 11:58:11"
"BTX","514","0.08292224","0.05568545","bid","2017-10-05 11:58:17"
"BTX","515","0.08292224","0.05568545","bid","2017-10-05 11:58:21"
"BTX","516","0.08292224","0.05568545","bid","2017-10-05 11:58:25"
"BTX","517","0.08292224","0.05568545","bid","2017-10-05 11:58:30"
"BTX","518","0.08292224","0.05568545","bid","2017-10-05 11:58:35"
"BTX","519","0.08292224","0.05568545","bid","2017-10-05 11:58:39"
"BTX","520","0.08292224","0.05568545","bid","2017-10-05 11:58:44"
"BTX","521","0.08292224","0.05568545","bid","2017-10-05 11:58:48"
"BTX","522","0.08292224","0.05568545","bid","2017-10-05 11:58:52"
"BTX","523","0.08292224","0.05568545","bid","2017-10-05 11:58:57"
"BTX","524","0.08292224","0.05568545","bid","2017-10-05 11:59:01"
"BTX","525","0.08292224","0.05568545","bid","2017-10-05 11:59:05"
"BTX","526","0.08292224","0.05568545","bid","2017-10-05 11:59:11"
"BTX","527","0.08299496","1.23843037","bid","2017-10-05 11:59:15"
"BTX","528","0.08299496","1.23843037","bid","2017-10-05 11:59:19"
"BTX","529","0.08299496","1.23843037","bid","2017-10-05 11:59:23"
"BTX","530","0.08299496","1.23843037","bid","2017-10-05 11:59:27"
"BTX","531","0.08299496","1.23843037","bid","2017-10-05 11:59:31"
"BTX","532","0.08299496","1.23843037","bid","2017-10-05 11:59:36"
"BTX","533","0.08299496","1.23843037","bid","2017-10-05 11:59:40"
"BTX","534","0.08299496","1.23843037","bid","2017-10-05 11:59:43"
"BTX","535","0.08299496","1.23843037","bid","2017-10-05 11:59:47"
"BTX","536","0.08299496","51.23843037","bid","2017-10-05 11:59:51"
"BTX","537","0.08299496","51.23843037","bid","2017-10-05 11:59:55"
"BTX","538","0.08299496","51.23843037","bid","2017-10-05 12:00:00"
"BTX","539","0.08299496","51.23843037","bid","2017-10-05 12:00:05"
"BTX","540","0.08299496","51.23843037","bid","2017-10-05 12:00:10"
"BTX","541","0.08299496","51.23843037","bid","2017-10-05 12:00:15"
"BTX","542","0.08299496","51.23843037","bid","2017-10-05 12:00:19"
"BTX","543","0.08299496","51.23843037","bid","2017-10-05 12:00:23"
"BTX","544","0.08299496","51.55944152","bid","2017-10-05 12:00:28"
"BTX","545","0.08299496","51.63128060","bid","2017-10-05 12:00:32"
"BTX","546","0.08299496","51.63128060","bid","2017-10-05 12:00:36"
"BTX","547","0.08299496","51.63128060","bid","2017-10-05 12:00:40"
"BTX","548","0.08299496","51.63128060","bid","2017-10-05 12:00:44"
"BTX","549","0.08299496","51.63128060","bid","2017-10-05 12:00:48"
"BTX","550","0.08299496","51.63128060","bid","2017-10-05 12:00:52"
"BTX","551","0.08299496","51.31026945","bid","2017-10-05 12:00:56"
"BTX","552","0.08299496","51.31026945","bid","2017-10-05 12:01:00"
"BTX","553","0.08299496","51.01842601","bid","2017-10-05 12:01:05"
"BTX","554","0.08299496","51.01842601","bid","2017-10-05 12:01:09"
"BTX","555","0.08299496","51.01842601","bid","2017-10-05 12:01:13"
"BTX","556","0.08299496","51.01842601","bid","2017-10-05 12:01:17"
"BTX","557","0.08299496","51.01842601","bid","2017-10-05 12:01:26"
"BTX","558","0.08299496","51.01842601","bid","2017-10-05 12:01:31"
"BTX","559","0.08299496","51.01842601","bid","2017-10-05 12:01:36"
"BTX","560","0.08299496","51.01842601","bid","2017-10-05 12:01:46"
"BTX","561","0.08299496","51.01842601","bid","2017-10-05 12:01:51"
"BTX","562","0.08299496","51.01842601","bid","2017-10-05 12:01:55"
"BTX","563","0.08299496","51.01842601","bid","2017-10-05 12:01:59"
"BTX","564","0.08299496","51.01842601","bid","2017-10-05 12:02:05"
"BTX","565","0.08299496","51.01842601","bid","2017-10-05 12:02:09"
"BTX","566","0.08299496","51.01842601","bid","2017-10-05 12:02:15"
"BTX","567","0.08299496","51.01842601","bid","2017-10-05 12:02:20"
"BTX","568","0.08299496","51.01842601","bid","2017-10-05 12:02:25"
"BTX","569","0.08299496","51.01842601","bid","2017-10-05 12:02:29"
"BTX","570","0.08299496","51.01842601","bid","2017-10-05 12:02:34"
"BTX","571","0.08299497","0.18802404","bid","2017-10-05 12:02:38"
"BTX","572","0.08299497","0.18802404","bid","2017-10-05 12:02:45"
"BTX","573","0.08299497","0.18802404","bid","2017-10-05 12:02:48"
"BTX","574","0.08299497","0.18802404","bid","2017-10-05 12:02:53"
"BTX","575","0.08299497","0.18802404","bid","2017-10-05 12:02:58"
"BTX","576","0.08299497","0.18802404","bid","2017-10-05 12:03:04"
"BTX","577","0.08299497","0.18802404","bid","2017-10-05 12:03:09"
"BTX","578","0.08299497","0.18802404","bid","2017-10-05 12:03:13"
"BTX","579","0.08299497","0.18802404","bid","2017-10-05 12:03:17"
"BTX","580","0.08299497","0.18802404","bid","2017-10-05 12:03:21"
"BTX","581","0.08299496","50.91197947","bid","2017-10-05 12:03:25"
"BTX","582","0.08292224","0.04363773","bid","2017-10-05 12:03:32"
"BTX","583","0.08292224","0.04363773","bid","2017-10-05 12:03:40"
"BTX","584","0.08292224","0.04363773","bid","2017-10-05 12:03:47"
"BTX","585","0.08292224","0.04363773","bid","2017-10-05 12:03:55"
"BTX","586","0.08292224","0.04363773","bid","2017-10-05 12:04:01"
"BTX","587","0.08292224","0.04363773","bid","2017-10-05 12:04:07"
"BTX","588","0.08292224","0.04363773","bid","2017-10-05 12:04:14"
"BTX","589","0.08277770","0.00000025","bid","2017-10-05 12:04:22"
"BTX","590","0.08277770","0.00000025","bid","2017-10-05 12:04:29"
"BTX","591","0.08272000","0.00000041","bid","2017-10-05 12:04:34"
"BTX","592","0.08272000","0.00000041","bid","2017-10-05 12:04:38"
"BTX","593","0.08272000","0.00000041","bid","2017-10-05 12:04:43"
"BTX","594","0.08270935","0.01000000","bid","2017-10-05 12:04:48"
"BTX","595","0.08270935","0.01000000","bid","2017-10-05 12:04:57"
"BTX","596","0.08270935","0.01000000","bid","2017-10-05 12:05:02"
"BTX","597","0.08270935","0.01000000","bid","2017-10-05 12:05:06"
"BTX","598","0.08270935","0.01000000","bid","2017-10-05 12:05:12"
"BTX","599","0.08270935","0.01000000","bid","2017-10-05 12:05:15"
"BTX","600","0.08270935","0.01000000","bid","2017-10-05 12:05:20"
"BTX","601","0.08270935","0.01000000","bid","2017-10-05 12:05:25"
"BTX","602","0.08270935","0.01000000","bid","2017-10-05 12:05:30"
"BTX","603","0.08270935","0.01000000","bid","2017-10-05 12:05:34"
"BTX","604","0.08270935","0.01000000","bid","2017-10-05 12:05:38"
"BTX","605","0.08270935","0.01000000","bid","2017-10-05 12:05:44"
"BTX","606","0.08270935","0.01000000","bid","2017-10-05 12:05:48"
"BTX","607","0.08270935","0.01000000","bid","2017-10-05 12:05:53"
"BTX","608","0.08270935","0.01000000","bid","2017-10-05 12:05:58"
"BTX","609","0.08270935","0.01000000","bid","2017-10-05 12:06:02"
"BTX","610","0.08270935","0.01000000","bid","2017-10-05 12:06:06"
"BTX","611","0.08270935","0.01000000","bid","2017-10-05 12:06:11"
"BTX","612","0.08270935","0.01000000","bid","2017-10-05 12:06:15"
"BTX","613","0.08270935","0.01000000","bid","2017-10-05 12:06:19"
"BTX","614","0.08270935","0.01000000","bid","2017-10-05 12:06:24"
"BTX","615","0.08270935","0.01000000","bid","2017-10-05 12:06:28"
"BTX","616","0.08270935","0.01000000","bid","2017-10-05 12:06:33"
"BTX","617","0.08270935","0.01000000","bid","2017-10-05 12:06:37"
"BTX","618","0.08270935","0.01000000","bid","2017-10-05 12:06:42"
"BTX","619","0.08270935","0.01000000","bid","2017-10-05 12:06:46"
"BTX","620","0.08268000","5.77406772","bid","2017-10-05 12:06:56"
"BTX","621","0.08268000","5.77406772","bid","2017-10-05 12:07:00"
"BTX","622","0.08268000","5.77406772","bid","2017-10-05 12:07:05"
"BTX","623","0.08268000","5.77406772","bid","2017-10-05 12:07:09"
"BTX","624","0.08264000","0.38278226","bid","2017-10-05 12:07:14"
"BTX","625","0.08264000","0.38278226","bid","2017-10-05 12:07:19"
"BTX","626","0.08264000","0.34778226","bid","2017-10-05 12:07:24"
"BTX","627","0.08267100","0.85105827","bid","2017-10-05 12:07:28"
"BTX","628","0.08267100","0.85105827","bid","2017-10-05 12:07:33"
"BTX","629","0.08267100","0.85105827","bid","2017-10-05 12:07:37"
"BTX","630","0.08267100","0.79769930","bid","2017-10-05 12:07:41"
"BTX","631","0.08267100","0.79769930","bid","2017-10-05 12:07:46"
"BTX","632","0.08267100","0.81029544","bid","2017-10-05 12:07:50"
"BTX","633","0.08267100","0.81029544","bid","2017-10-05 12:07:54"
"BTX","634","0.08267100","0.81029544","bid","2017-10-05 12:07:58"
"BTX","635","0.08267100","0.81029544","bid","2017-10-05 12:08:02"
"BTX","636","0.08267100","0.81029544","bid","2017-10-05 12:08:06"
"BTX","637","0.08267100","0.81029544","bid","2017-10-05 12:08:11"
"BTX","638","0.08267100","0.81029544","bid","2017-10-05 12:08:15"
"BTX","639","0.08267100","0.72334785","bid","2017-10-05 12:08:20"
"BTX","640","0.08267100","0.71075171","bid","2017-10-05 12:08:24"
"BTX","641","0.08267100","0.71075171","bid","2017-10-05 12:08:28"
"BTX","642","0.08267100","0.71075171","bid","2017-10-05 12:08:32"
"BTX","643","0.08267100","0.71075171","bid","2017-10-05 12:08:36"
"BTX","644","0.08267100","0.71075171","bid","2017-10-05 12:08:41"
"BTX","645","0.08267100","0.71075171","bid","2017-10-05 12:08:45"
"BTX","646","0.08267100","0.71075171","bid","2017-10-05 12:08:49"
"BTX","647","0.08267100","0.29062778","bid","2017-10-05 12:08:54"
"BTX","648","0.08267100","0.29062778","bid","2017-10-05 12:08:58"
"BTX","649","0.08267100","0.29062778","bid","2017-10-05 12:09:03"
"BTX","650","0.08267100","0.29062778","bid","2017-10-05 12:09:07"
"BTX","651","0.08267100","0.29062778","bid","2017-10-05 12:09:12"
"BTX","652","0.08267100","0.29062778","bid","2017-10-05 12:09:16"
"BTX","653","0.08267100","0.29062778","bid","2017-10-05 12:09:20"
"BTX","654","0.08267100","0.29062778","bid","2017-10-05 12:09:24"
"BTX","655","0.08267100","0.29062778","bid","2017-10-05 12:09:28"
"BTX","656","0.08267100","0.29062778","bid","2017-10-05 12:09:32"
"BTX","657","0.08267100","0.29062778","bid","2017-10-05 12:09:36"
"BTX","658","0.08267100","0.29062778","bid","2017-10-05 12:09:44"
"BTX","659","0.08267100","0.29062778","bid","2017-10-05 12:09:48"
"BTX","660","0.08269999","0.32164449","bid","2017-10-05 12:09:53"
"BTX","661","0.08265100","0.22988504","bid","2017-10-05 12:10:02"
"BTX","662","0.08264000","0.34778226","bid","2017-10-05 12:10:07"
"BTX","663","0.08264000","0.14908557","bid","2017-10-05 12:10:11"
"BTX","664","0.08264000","0.14908557","bid","2017-10-05 12:10:15"
"BTX","665","0.08261909","0.16927494","bid","2017-10-05 12:10:19"
"BTX","666","0.08261765","0.01414431","bid","2017-10-05 12:10:23"
"BTX","667","0.08260000","1.27727569","bid","2017-10-05 12:10:27"
"BTX","668","0.08260000","1.27727569","bid","2017-10-05 12:10:31"
"BTX","669","0.08261765","0.01260395","bid","2017-10-05 12:10:36"
"BTX","670","0.08261765","0.01260395","bid","2017-10-05 12:10:41"
"BTX","671","0.08261765","0.01260395","bid","2017-10-05 12:10:45"
"BTX","672","0.08261765","0.01260395","bid","2017-10-05 12:10:55"
"BTX","673","0.08261765","0.01260395","bid","2017-10-05 12:10:59"
"BTX","674","0.08261765","0.01260395","bid","2017-10-05 12:11:04"
"BTX","675","0.08250500","12.17546899","bid","2017-10-05 12:11:09"
"BTX","676","0.08254915","0.04358264","bid","2017-10-05 12:11:13"
"BTX","677","0.08254915","0.04358264","bid","2017-10-05 12:11:17"
"BTX","678","0.08254915","0.04358264","bid","2017-10-05 12:11:22"
"BTX","679","0.08254915","0.04358264","bid","2017-10-05 12:11:26"
"BTX","680","0.08254915","0.04358264","bid","2017-10-05 12:11:30"
"BTX","681","0.08254915","0.04358264","bid","2017-10-05 12:11:34"
"BTX","682","0.08254915","0.04358264","bid","2017-10-05 12:11:39"
"BTX","683","0.08254915","0.04358264","bid","2017-10-05 12:11:44"
"BTX","684","0.08254915","0.04358264","bid","2017-10-05 12:11:48"
"BTX","685","0.08254915","0.04358264","bid","2017-10-05 12:11:52"
"BTX","686","0.08254915","0.04358264","bid","2017-10-05 12:11:56"
"BTX","687","0.08254915","0.04358264","bid","2017-10-05 12:12:00"
"BTX","688","0.08254915","0.04358264","bid","2017-10-05 12:12:05"
"BTX","689","0.08254915","0.04358264","bid","2017-10-05 12:12:08"
"BTX","690","0.08254915","6.25711230","bid","2017-10-05 12:12:13"
"BTX","691","0.08254915","6.25711230","bid","2017-10-05 12:12:20"
"BTX","692","0.08254915","6.25711230","bid","2017-10-05 12:12:24"
"BTX","693","0.08254915","6.25711230","bid","2017-10-05 12:12:28"
"BTX","694","0.08254915","2.61711230","bid","2017-10-05 12:12:33"
"BTX","695","0.08254915","2.61711230","bid","2017-10-05 12:12:37"
"BTX","696","0.08254915","2.61711230","bid","2017-10-05 12:12:41"
"BTX","697","0.08254915","2.61711230","bid","2017-10-05 12:12:46"
"BTX","698","0.08250500","14.30790000","bid","2017-10-05 12:12:49"
"BTX","699","0.08250500","14.30790000","bid","2017-10-05 12:12:54"
"BTX","700","0.08250500","16.92643537","bid","2017-10-05 12:13:01"
"BTX","701","0.08250500","2.61853537","bid","2017-10-05 12:13:06"
"BTX","702","0.08250500","15.21108452","bid","2017-10-05 12:13:10"
"BTX","703","0.08250500","15.21108452","bid","2017-10-05 12:13:15"
"BTX","704","0.08250600","1.34248320","bid","2017-10-05 12:13:18"
"BTX","705","0.08250600","1.34248320","bid","2017-10-05 12:13:30"
"BTX","706","0.08250500","12.91356772","bid","2017-10-05 12:13:35"
"BTX","707","0.08250500","12.91356772","bid","2017-10-05 12:13:39"
"BTX","708","0.08250500","12.91356772","bid","2017-10-05 12:13:43"
"BTX","709","0.08250500","11.97456772","bid","2017-10-05 12:13:47"
"BTX","710","0.08250500","11.97456772","bid","2017-10-05 12:13:52"
"BTX","711","0.08250500","11.97456772","bid","2017-10-05 12:13:57"
"BTX","712","0.08250500","8.33456772","bid","2017-10-05 12:14:01"
"BTX","713","0.08250825","0.02395465","bid","2017-10-05 12:14:07"
"BTX","714","0.08250825","0.02395465","bid","2017-10-05 12:14:12"
"BTX","715","0.08250825","0.02395465","bid","2017-10-05 12:14:16"
"BTX","716","0.08251650","0.02395225","bid","2017-10-05 12:14:20"
"BTX","717","0.08251650","0.02395225","bid","2017-10-05 12:14:25"
"BTX","718","0.08251650","0.02395225","bid","2017-10-05 12:14:29"
"BTX","719","0.08250000","7.26414207","bid","2017-10-05 12:14:33"
"BTX","720","0.08252050","1.16648026","bid","2017-10-05 12:14:38"
"BTX","721","0.08252050","1.16648026","bid","2017-10-05 12:14:42"
"BTX","722","0.08252875","0.01223899","bid","2017-10-05 12:14:47"
"BTX","723","0.08252875","0.01223899","bid","2017-10-05 12:14:56"
"BTX","724","0.08252875","0.01223899","bid","2017-10-05 12:15:01"
"BTX","725","0.08250000","4.80286132","bid","2017-10-05 12:15:05"
"BTX","726","0.08250000","4.80286132","bid","2017-10-05 12:15:09"
"BTX","727","0.08250000","4.80286132","bid","2017-10-05 12:15:13"
"BTX","728","0.08250000","4.80286132","bid","2017-10-05 12:15:22"
"BTX","729","0.08250000","4.80286132","bid","2017-10-05 12:15:26"
"BTX","730","0.08250000","4.80286132","bid","2017-10-05 12:15:30"
"BTX","731","0.08250000","1.16286132","bid","2017-10-05 12:15:35"
"BTX","732","0.08250000","1.16286132","bid","2017-10-05 12:15:39"
"BTX","733","0.08250000","1.16286132","bid","2017-10-05 12:15:43"
"BTX","734","0.08250000","6.00427533","bid","2017-10-05 12:15:48"
"BTX","735","0.08250825","0.00924874","bid","2017-10-05 12:15:52"
"BTX","736","0.08250000","1.87352407","bid","2017-10-05 12:16:02"
"BTX","737","0.08255895","0.72000000","bid","2017-10-05 12:16:38"
"BTX","738","0.08255895","0.72000000","bid","2017-10-05 12:16:42"
"BTX","739","0.08255895","0.72000000","bid","2017-10-05 12:16:47"
"BTX","740","0.08255895","0.72000000","bid","2017-10-05 12:16:51"
"BTX","741","0.08255895","0.72000000","bid","2017-10-05 12:16:55"
"BTX","742","0.08255895","0.57010000","bid","2017-10-05 12:17:00"
"BTX","743","0.08250000","3.13168901","bid","2017-10-05 12:17:04"
"BTX","744","0.08250000","3.13168901","bid","2017-10-05 12:17:10"
"BTX","745","0.08250000","3.13168901","bid","2017-10-05 12:17:14"
"BTX","746","0.08250000","3.13168901","bid","2017-10-05 12:17:18"
"BTX","747","0.08250000","3.13168901","bid","2017-10-05 12:17:23"
"BTX","748","0.08250000","4.21772203","bid","2017-10-05 12:17:28"
"BTX","749","0.08250000","0.57772203","bid","2017-10-05 12:17:32"
"BTX","750","0.08250825","0.00871189","bid","2017-10-05 12:17:38"
"BTX","751","0.08250825","0.00871189","bid","2017-10-05 12:17:41"
"BTX","752","0.08250825","0.00871189","bid","2017-10-05 12:17:45"
"BTX","753","0.08250825","0.00871189","bid","2017-10-05 12:17:50"
"BTX","754","0.08250000","0.57772203","bid","2017-10-05 12:17:54"
"BTX","755","0.08250000","0.57772203","bid","2017-10-05 12:17:58"
"BTX","756","0.08245190","0.89355050","bid","2017-10-05 12:18:02"
"BTX","757","0.08250000","0.32556614","bid","2017-10-05 12:18:09"
"BTX","758","0.08250000","0.32556614","bid","2017-10-05 12:18:13"
"BTX","759","0.08250000","0.32556614","bid","2017-10-05 12:18:18"
"BTX","760","0.08250000","0.32556614","bid","2017-10-05 12:18:22"
"BTX","761","0.08250000","0.32556614","bid","2017-10-05 12:18:26"
"BTX","762","0.08250000","0.32556614","bid","2017-10-05 12:18:30"
"BTX","763","0.08242000","0.19455078","bid","2017-10-05 12:18:35"
"BTX","764","0.08245189","0.11896069","bid","2017-10-05 12:18:39"
"BTX","765","0.08245189","1.15216069","bid","2017-10-05 12:18:43"
"BTX","766","0.08245189","1.15216069","bid","2017-10-05 12:18:47"
"BTX","767","0.08245189","1.15216069","bid","2017-10-05 12:18:52"
"BTX","768","0.08245189","1.15216069","bid","2017-10-05 12:18:57"
"BTX","769","0.08242000","0.19455078","bid","2017-10-05 12:19:02"
"BTX","770","0.08242000","0.19455078","bid","2017-10-05 12:19:07"
"BTX","771","0.08242000","0.19455078","bid","2017-10-05 12:19:12"
"BTX","772","0.08245189","0.50000000","bid","2017-10-05 12:19:16"
"BTX","773","0.08245189","0.50000000","bid","2017-10-05 12:19:21"
"BTX","774","0.08245189","0.50000000","bid","2017-10-05 12:19:26"
"BTX","775","0.08245189","0.50000000","bid","2017-10-05 12:19:30"
"BTX","776","0.08242000","0.19455078","bid","2017-10-05 12:19:34"
"BTX","777","0.08242000","0.19455078","bid","2017-10-05 12:19:38"
"BTX","778","0.08250000","2.42424242","bid","2017-10-05 12:19:42"
"BTX","779","0.08241007","0.00673177","bid","2017-10-05 12:19:46"
"BTX","780","0.08243500","1.16486535","bid","2017-10-05 12:19:54"
"BTX","781","0.08243500","1.16486535","bid","2017-10-05 12:19:59"
"BTX","782","0.08243500","1.16486535","bid","2017-10-05 12:20:03"
"BTX","783","0.08240352","0.27413661","bid","2017-10-05 12:20:07"
"BTX","784","0.08240352","0.27413661","bid","2017-10-05 12:20:11"
"BTX","785","0.08240352","0.27413661","bid","2017-10-05 12:20:15"
"BTX","786","0.08240352","0.27413661","bid","2017-10-05 12:20:20"
"BTX","787","0.08240352","0.27413661","bid","2017-10-05 12:20:25"
"BTX","788","0.08240352","0.27413661","bid","2017-10-05 12:20:29"
"BTX","789","0.08237000","0.20732908","bid","2017-10-05 12:20:39"
"BTX","790","0.08237000","0.20732908","bid","2017-10-05 12:20:44"
"BTX","791","0.08237000","1.66052806","bid","2017-10-05 12:20:48"
"BTX","792","0.08237001","11.03466963","bid","2017-10-05 12:20:51"
"BTX","793","0.08237501","11.17275113","bid","2017-10-05 12:20:56"
"BTX","794","0.08237000","1.60042055","bid","2017-10-05 12:21:02"
"BTX","795","0.08238001","11.26657963","bid","2017-10-05 12:21:07"
"BTX","796","0.08238001","11.26657963","bid","2017-10-05 12:21:11"
"BTX","797","0.08237000","1.60042055","bid","2017-10-05 12:21:16"
"BTX","798","0.08226061","0.00614975","bid","2017-10-05 12:21:20"
"BTX","799","0.08226061","0.00614975","bid","2017-10-05 12:21:25"
"BTX","800","0.08226061","0.00614975","bid","2017-10-05 12:21:28"
"BTX","801","0.08230000","2.32260024","bid","2017-10-05 12:21:33"
"BTX","802","0.08230001","7.09986900","bid","2017-10-05 12:21:37"
"BTX","803","0.08230003","7.09986900","bid","2017-10-05 12:21:41"
"BTX","804","0.08230004","9.27842707","bid","2017-10-05 12:21:45"
"BTX","805","0.08230009","2.34548736","bid","2017-10-05 12:21:49"
"BTX","806","0.08230011","2.39800000","bid","2017-10-05 12:21:53"
"BTX","807","0.08230012","7.03896242","bid","2017-10-05 12:21:57"
"BTX","808","0.08230014","2.38800000","bid","2017-10-05 12:22:02"
"BTX","809","0.08230014","2.38800000","bid","2017-10-05 12:22:06"
"BTX","810","0.08237001","9.16917240","bid","2017-10-05 12:22:13"
"BTX","811","0.08237004","2.33200000","bid","2017-10-05 12:22:17"
"BTX","812","0.08245189","0.01451780","bid","2017-10-05 12:22:21"
"BTX","813","0.08245189","0.01451780","bid","2017-10-05 12:22:24"
"BTX","814","0.08245189","0.01451780","bid","2017-10-05 12:22:29"
"BTX","815","0.08237007","6.67306409","bid","2017-10-05 12:22:34"
"BTX","816","0.08237007","6.67306409","bid","2017-10-05 12:22:38"
"BTX","817","0.08237008","2.38800000","bid","2017-10-05 12:22:43"
"BTX","818","0.08237008","2.38800000","bid","2017-10-05 12:22:48"
"BTX","819","0.08237008","2.38800000","bid","2017-10-05 12:22:52"
"BTX","820","0.08237008","2.38800000","bid","2017-10-05 12:22:57"
"BTX","821","0.08237001","6.39469510","bid","2017-10-05 12:23:00"
"BTX","822","0.08237000","12.92585652","bid","2017-10-05 12:23:05"
"BTX","823","0.08237002","6.54507307","bid","2017-10-05 12:23:08"
"BTX","824","0.08237000","12.92585652","bid","2017-10-05 12:23:13"
"BTX","825","0.08237000","12.92585652","bid","2017-10-05 12:23:17"
"BTX","826","0.08237000","12.92585652","bid","2017-10-05 12:23:21"
"BTX","827","0.08237000","12.92585652","bid","2017-10-05 12:23:25"
"BTX","828","0.08237001","6.48736243","bid","2017-10-05 12:23:29"
"BTX","829","0.08240000","0.01213592","bid","2017-10-05 12:23:36"
"BTX","830","0.08240000","0.01213592","bid","2017-10-05 12:23:40"
"BTX","831","0.08240000","0.01213592","bid","2017-10-05 12:23:44"
"BTX","832","0.08240000","0.01213592","bid","2017-10-05 12:23:48"
"BTX","833","0.08245189","7.08955488","bid","2017-10-05 12:23:53"
"BTX","834","0.08245189","7.08955488","bid","2017-10-05 12:23:58"
"BTX","835","0.08245189","3.44955488","bid","2017-10-05 12:24:02"
"BTX","836","0.08245189","3.44955488","bid","2017-10-05 12:24:07"
"BTX","837","0.08245189","3.44955488","bid","2017-10-05 12:24:12"
"BTX","838","0.08245189","3.44955488","bid","2017-10-05 12:24:17"
"BTX","839","0.08245189","3.44955488","bid","2017-10-05 12:24:21"
"BTX","840","0.08245189","3.44955488","bid","2017-10-05 12:24:25"
"BTX","841","0.08254123","4.25750233","bid","2017-10-05 12:24:30"
"BTX","842","0.08254123","0.61750233","bid","2017-10-05 12:24:35"
"BTX","843","0.08254123","0.61750233","bid","2017-10-05 12:24:39"
"BTX","844","0.08254123","0.61750233","bid","2017-10-05 12:24:43"
"BTX","845","0.08254123","0.61750233","bid","2017-10-05 12:24:48"
"BTX","846","0.08254123","0.61750233","bid","2017-10-05 12:24:55"
"BTX","847","0.08254123","0.61750233","bid","2017-10-05 12:25:00"
"BTX","848","0.08237001","16.55800000","bid","2017-10-05 12:25:15"
"BTX","849","0.08237001","16.55800000","bid","2017-10-05 12:25:19"
"BTX","850","0.08254123","0.01211516","bid","2017-10-05 12:25:23"
"BTX","851","0.08254123","0.01211516","bid","2017-10-05 12:25:27"
"BTX","852","0.08254123","0.01211516","bid","2017-10-05 12:25:31"
"BTX","853","0.08237001","16.55800000","bid","2017-10-05 12:25:36"
"BTX","854","0.08237001","0.10000000","bid","2017-10-05 12:25:40"
"BTX","855","0.08237001","0.10000000","bid","2017-10-05 12:25:45"
"BTX","856","0.08237001","0.10000000","bid","2017-10-05 12:25:49"
"BTX","857","0.08237001","3.76400000","bid","2017-10-05 12:25:54"
"BTX","858","0.08237001","3.76400000","bid","2017-10-05 12:25:59"
"BTX","859","0.08237001","3.76400000","bid","2017-10-05 12:26:04"
"BTX","860","0.08237001","3.76400000","bid","2017-10-05 12:26:08"
"BTX","861","0.08237001","3.76400000","bid","2017-10-05 12:26:12"
"BTX","862","0.08237001","3.76400000","bid","2017-10-05 12:26:17"
"BTX","863","0.08245189","0.38213625","bid","2017-10-05 12:26:21"
"BTX","864","0.08245189","0.45330477","bid","2017-10-05 12:26:26"
"BTX","865","0.08237002","0.07116852","bid","2017-10-05 12:26:30"
"BTX","866","0.08237001","0.07000000","bid","2017-10-05 12:26:34"
"BTX","867","0.08237001","0.07000000","bid","2017-10-05 12:26:38"
"BTX","868","0.08254123","0.03634547","bid","2017-10-05 12:26:42"
"BTX","869","0.08254123","0.03634547","bid","2017-10-05 12:26:47"
"BTX","870","0.08254123","0.03634547","bid","2017-10-05 12:26:51"
"BTX","871","0.08237001","0.07000000","bid","2017-10-05 12:26:55"
"BTX","872","0.08237001","27.85000000","bid","2017-10-05 12:26:58"
"BTX","873","0.08237001","27.85000000","bid","2017-10-05 12:27:04"
"BTX","874","0.08254123","0.49785852","bid","2017-10-05 12:27:09"
"BTX","875","0.08254123","0.49785852","bid","2017-10-05 12:27:13"
"BTX","876","0.08254123","0.49785852","bid","2017-10-05 12:27:18"
"BTX","877","0.08254123","0.49785852","bid","2017-10-05 12:27:21"
"BTX","878","0.08254123","0.49785852","bid","2017-10-05 12:27:27"
"BTX","879","0.08254123","0.49785852","bid","2017-10-05 12:27:31"
"BTX","880","0.08237002","0.20751652","bid","2017-10-05 12:27:35"
"BTX","881","0.08237002","15.04977802","bid","2017-10-05 12:27:39"
"BTX","882","0.08237002","22.06184201","bid","2017-10-05 12:27:44"
"BTX","883","0.08237002","15.04977802","bid","2017-10-05 12:27:48"
"BTX","884","0.08237007","4.72000000","bid","2017-10-05 12:27:52"
"BTX","885","0.08237006","5.86800000","bid","2017-10-05 12:27:56"
"BTX","886","0.08237006","5.86800000","bid","2017-10-05 12:28:00"
"BTX","887","0.08237501","3.88500000","bid","2017-10-05 12:28:05"
"BTX","888","0.08237005","7.01206144","bid","2017-10-05 12:28:09"
"BTX","889","0.08237005","11.49748150","bid","2017-10-05 12:28:14"
"BTX","890","0.08237005","11.49748150","bid","2017-10-05 12:28:18"
"BTX","891","0.08237005","11.49748150","bid","2017-10-05 12:28:23"
"BTX","892","0.08237006","2.88300000","bid","2017-10-05 12:28:27"
"BTX","893","0.08237006","3.06940790","bid","2017-10-05 12:28:37"
"BTX","894","0.08237002","14.37814927","bid","2017-10-05 12:28:42"
"BTX","895","0.08237002","14.37814927","bid","2017-10-05 12:28:47"
"BTX","896","0.08237002","14.37814927","bid","2017-10-05 12:28:51"
"BTX","897","0.08237002","14.37814927","bid","2017-10-05 12:28:58"
"BTX","898","0.08237002","11.62634740","bid","2017-10-05 12:29:09"
"BTX","899","0.08237002","11.62634740","bid","2017-10-05 12:29:13"
"BTX","900","0.08237002","11.62634740","bid","2017-10-05 12:29:17"
"BTX","901","0.08237002","12.62634740","bid","2017-10-05 12:29:23"
"BTX","902","0.08230000","2.32260024","bid","2017-10-05 12:29:27"
"BTX","903","0.08230000","2.32260024","bid","2017-10-05 12:29:32"
"BTX","904","0.08230000","2.32260024","bid","2017-10-05 12:29:36"
"BTX","905","0.08235219","0.30494518","bid","2017-10-05 12:29:40"
"BTX","906","0.08235219","0.30494518","bid","2017-10-05 12:29:45"
"BTX","907","0.08235219","0.30494518","bid","2017-10-05 12:29:50"
"BTX","908","0.08235219","0.30494518","bid","2017-10-05 12:29:54"
"BTX","909","0.08235219","0.30494518","bid","2017-10-05 12:29:59"
"BTX","910","0.08230000","2.32260024","bid","2017-10-05 12:30:04"
"BTX","911","0.08230000","2.32260024","bid","2017-10-05 12:30:08"
"BTX","912","0.08220116","27.63000000","bid","2017-10-05 12:30:12"
"BTX","913","0.08220116","27.63000000","bid","2017-10-05 12:30:16"
"BTX","914","0.08220601","28.29000000","bid","2017-10-05 12:30:21"
"BTX","915","0.08220601","28.29000000","bid","2017-10-05 12:30:25"
"BTX","916","0.08221600","14.25360000","bid","2017-10-05 12:30:30"
"BTX","917","0.08222100","14.25850000","bid","2017-10-05 12:30:33"
"BTX","918","0.08222101","28.35000000","bid","2017-10-05 12:30:37"
"BTX","919","0.08222101","28.29047620","bid","2017-10-05 12:30:41"
"BTX","920","0.08223100","14.25100000","bid","2017-10-05 12:30:45"
"BTX","921","0.08223101","8.64300000","bid","2017-10-05 12:30:49"
"BTX","922","0.08223101","8.64300000","bid","2017-10-05 12:30:53"
"BTX","923","0.08260000","0.20000000","bid","2017-10-05 12:30:58"
"BTX","924","0.08230000","0.44788846","bid","2017-10-05 12:31:02"
"BTX","925","0.08230000","0.44788846","bid","2017-10-05 12:31:07"
"BTX","926","0.08230000","0.44788846","bid","2017-10-05 12:31:11"
"BTX","927","0.08230000","0.44788846","bid","2017-10-05 12:31:15"
"BTX","928","0.08230000","0.44788846","bid","2017-10-05 12:31:19"
"BTX","929","0.08230000","0.44788846","bid","2017-10-05 12:31:25"
"BTX","930","0.08230000","0.44788846","bid","2017-10-05 12:31:28"
"BTX","931","0.08254690","3.64000000","bid","2017-10-05 12:31:32"
"BTX","932","0.08254690","3.64000000","bid","2017-10-05 12:31:36"
"BTX","933","0.08254690","3.64000000","bid","2017-10-05 12:31:40"
"BTX","934","0.08254690","3.64000000","bid","2017-10-05 12:31:45"
"BTX","935","0.08254690","3.64000000","bid","2017-10-05 12:31:49"
"BTX","936","0.08254690","3.64000000","bid","2017-10-05 12:31:53"
"BTX","937","0.08254690","3.64000000","bid","2017-10-05 12:31:57"
"BTX","938","0.08254690","3.61600721","bid","2017-10-05 12:32:01"
"BTX","939","0.08230001","22.47694370","bid","2017-10-05 12:32:36"
"BTX","940","0.08230001","22.47694370","bid","2017-10-05 12:32:42"
"BTX","941","0.08230001","22.47694370","bid","2017-10-05 12:32:46"
"BTX","942","0.08230001","22.47694370","bid","2017-10-05 12:32:51"
"BTX","943","0.08230002","15.00000000","bid","2017-10-05 12:32:56"
"BTX","944","0.08230002","19.63511642","bid","2017-10-05 12:33:00"
"BTX","945","0.08230002","15.98511642","bid","2017-10-05 12:33:05"
"BTX","946","0.08230002","15.98511642","bid","2017-10-05 12:33:09"
"BTX","947","0.08245189","0.85720000","bid","2017-10-05 12:33:13"
"BTX","948","0.08245189","0.85720000","bid","2017-10-05 12:33:22"
"BTX","949","0.08245189","1.04427263","bid","2017-10-05 12:33:26"
"BTX","950","0.08245189","1.04427263","bid","2017-10-05 12:33:30"
"BTX","951","0.08245189","1.04427263","bid","2017-10-05 12:33:34"
"BTX","952","0.08245189","1.04427263","bid","2017-10-05 12:33:39"
"BTX","953","0.08245190","20.11300000","bid","2017-10-05 12:33:44"
"BTX","954","0.08245192","20.54500000","bid","2017-10-05 12:33:49"
"BTX","955","0.08245192","20.54500000","bid","2017-10-05 12:33:55"
"BTX","956","0.08245192","20.54500000","bid","2017-10-05 12:33:59"
"BTX","957","0.08245189","1.24427263","bid","2017-10-05 12:34:08"
"BTX","958","0.08245190","22.15900000","bid","2017-10-05 12:34:12"
"BTX","959","0.08245190","22.15900000","bid","2017-10-05 12:34:17"
"BTX","960","0.08245190","22.15900000","bid","2017-10-05 12:34:21"
"BTX","961","0.08245190","22.15900000","bid","2017-10-05 12:34:26"
"BTX","962","0.08245190","22.15900000","bid","2017-10-05 12:34:31"
"BTX","963","0.08245191","0.59006051","bid","2017-10-05 12:34:35"
"BTX","964","0.08245191","0.59006051","bid","2017-10-05 12:34:38"
"BTX","965","0.08245191","0.59006051","bid","2017-10-05 12:34:43"
"BTX","966","0.08245191","0.59006051","bid","2017-10-05 12:34:47"
"BTX","967","0.08245191","0.59006051","bid","2017-10-05 12:34:51"
"BTX","968","0.08245191","0.38058044","bid","2017-10-05 12:34:56"
"BTX","969","0.08245191","2.19527461","bid","2017-10-05 12:35:00"
"BTX","970","0.08245192","25.21000000","bid","2017-10-05 12:35:05"
"BTX","971","0.08245192","25.21000000","bid","2017-10-05 12:35:09"
"BTX","972","0.08245192","25.21000000","bid","2017-10-05 12:35:13"
"BTX","973","0.08245192","25.21000000","bid","2017-10-05 12:35:18"
"BTX","974","0.08245192","25.21000000","bid","2017-10-05 12:35:22"
"BTX","975","0.08245700","14.24810000","bid","2017-10-05 12:35:26"
"BTX","976","0.08245193","0.38058168","bid","2017-10-05 12:35:30"
"BTX","977","0.08269929","3.48961275","bid","2017-10-05 12:35:35"
"BTX","978","0.08269929","3.46600887","bid","2017-10-05 12:35:39"
"BTX","979","0.08269929","3.46600887","bid","2017-10-05 12:35:44"
"BTX","980","0.08269929","3.46600887","bid","2017-10-05 12:35:49"
"BTX","981","0.08245191","1.81469417","bid","2017-10-05 12:35:54"
"BTX","982","0.08269930","0.37944329","bid","2017-10-05 12:36:00"
"BTX","983","0.08269930","0.37944329","bid","2017-10-05 12:36:04"
"BTX","984","0.08269930","0.34252417","bid","2017-10-05 12:36:08"
"BTX","985","0.08269930","0.22130528","bid","2017-10-05 12:36:13"
"BTX","986","0.08269930","0.22130528","bid","2017-10-05 12:36:17"
"BTX","987","0.08240000","12.39548037","bid","2017-10-05 12:36:23"
"BTX","988","0.08240000","12.39548037","bid","2017-10-05 12:36:28"
"BTX","989","0.08269993","1.21527808","bid","2017-10-05 12:36:32"
"BTX","990","0.08269993","1.16527808","bid","2017-10-05 12:36:36"
"BTX","991","0.08269993","1.15883595","bid","2017-10-05 12:36:41"
"BTX","992","0.08269993","1.15883595","bid","2017-10-05 12:36:44"
"BTX","993","0.08269993","1.15883595","bid","2017-10-05 12:36:48"
"BTX","994","0.08269993","1.15883595","bid","2017-10-05 12:36:53"
"BTX","995","0.08269993","1.13486462","bid","2017-10-05 12:36:57"
"BTX","996","0.08269993","1.13486462","bid","2017-10-05 12:37:02"
"BTX","997","0.08269993","1.13486462","bid","2017-10-05 12:37:07"
"BTX","998","0.08240000","12.39548037","bid","2017-10-05 12:37:11"
"BTX","999","0.08240000","12.39548037","bid","2017-10-05 12:37:15"
"BTX","1000","0.08240000","12.39548037","bid","2017-10-05 12:37:20"
"BTX","1001","0.08240000","12.39548037","bid","2017-10-05 12:37:24"
"BTX","1002","0.08240000","12.39548037","bid","2017-10-05 12:37:29"
"BTX","1003","0.08240001","27.75000000","bid","2017-10-05 12:37:34"
"BTX","1004","0.08240001","27.75000000","bid","2017-10-05 12:37:38"
"BTX","1005","0.08240011","27.27000000","bid","2017-10-05 12:37:46"
"BTX","1006","0.08240012","4.47000000","bid","2017-10-05 12:37:50"
"BTX","1007","0.08240500","19.00360000","bid","2017-10-05 12:37:54"
"BTX","1008","0.08240501","27.84000000","bid","2017-10-05 12:37:58"
"BTX","1009","0.08241501","27.99000000","bid","2017-10-05 12:38:04"
"BTX","1010","0.08242001","28.50000000","bid","2017-10-05 12:38:08"
"BTX","1011","0.08240010","22.47694370","bid","2017-10-05 12:38:13"
"BTX","1012","0.08240010","22.47694370","bid","2017-10-05 12:38:17"
"BTX","1013","0.08240010","22.47694370","bid","2017-10-05 12:38:22"
"BTX","1014","0.08240010","22.47694370","bid","2017-10-05 12:38:28"
"BTX","1015","0.08240010","22.52815630","bid","2017-10-05 12:38:32"
"BTX","1016","0.08240010","22.52815630","bid","2017-10-05 12:38:37"
"BTX","1017","0.08240010","22.52815630","bid","2017-10-05 12:38:41"
"BTX","1018","0.08240010","22.52815630","bid","2017-10-05 12:38:46"
"BTX","1019","0.08240010","22.52815630","bid","2017-10-05 12:38:50"
"BTX","1020","0.08240010","22.52815630","bid","2017-10-05 12:38:58"
"BTX","1021","0.08240010","22.52815630","bid","2017-10-05 12:39:03"
"BTX","1022","0.08240010","22.52815630","bid","2017-10-05 12:39:07"
"BTX","1023","0.08240010","22.52815630","bid","2017-10-05 12:39:11"
"BTX","1024","0.08240010","7.08368249","bid","2017-10-05 12:39:16"
"BTX","1025","0.08240010","7.08368249","bid","2017-10-05 12:39:27"
"BTX","1026","0.08240010","7.08368249","bid","2017-10-05 12:39:31"
"BTX","1027","0.08240010","7.08368249","bid","2017-10-05 12:39:35"
"BTX","1028","0.08240010","7.08368249","bid","2017-10-05 12:39:39"
"BTX","1029","0.08240010","7.08368249","bid","2017-10-05 12:39:43"
"BTX","1030","0.08240500","14.31530000","bid","2017-10-05 12:39:48"
"BTX","1031","0.08240500","14.31530000","bid","2017-10-05 12:39:51"
"BTX","1032","0.08240500","14.31530000","bid","2017-10-05 12:39:56"
"BTX","1033","0.08240500","14.31530000","bid","2017-10-05 12:40:00"
"BTX","1034","0.08240500","14.31530000","bid","2017-10-05 12:40:05"
"BTX","1035","0.08240501","1.17424395","bid","2017-10-05 12:40:10"
"BTX","1036","0.08269990","0.01241075","bid","2017-10-05 12:40:18"
"BTX","1037","0.08269990","0.01241075","bid","2017-10-05 12:40:24"
"BTX","1038","0.08269990","0.01241075","bid","2017-10-05 12:40:31"
"BTX","1039","0.08269990","0.01241075","bid","2017-10-05 12:40:36"
"BTX","1040","0.08269990","0.01241075","bid","2017-10-05 12:40:40"
"BTX","1041","0.08269990","0.01241075","bid","2017-10-05 12:40:45"
"BTX","1042","0.08269990","0.01241075","bid","2017-10-05 12:40:49"
"BTX","1043","0.08269990","0.01241075","bid","2017-10-05 12:40:53"
"BTX","1044","0.08269990","0.01241075","bid","2017-10-05 12:40:58"
"BTX","1045","0.08269990","0.01241075","bid","2017-10-05 12:41:06"
"BTX","1046","0.08269990","0.01241075","bid","2017-10-05 12:41:11"
"BTX","1047","0.08241001","4.87000000","bid","2017-10-05 12:41:40"
"BTX","1048","0.08241001","4.87000000","bid","2017-10-05 12:41:45"
"BTX","1049","0.08241003","15.89600000","bid","2017-10-05 12:41:49"
"BTX","1050","0.08241603","7.08368249","bid","2017-10-05 12:42:00"
"BTX","1051","0.08241604","1.17408680","bid","2017-10-05 12:42:09"
"BTX","1052","0.08241604","1.17408680","bid","2017-10-05 12:42:13"
"BTX","1053","0.08241604","1.17408680","bid","2017-10-05 12:42:18"
"BTX","1054","0.08241704","7.08368249","bid","2017-10-05 12:42:23"
"BTX","1055","0.08241704","7.08368249","bid","2017-10-05 12:42:27"
"BTX","1056","0.08241704","7.08368249","bid","2017-10-05 12:42:32"
"BTX","1057","0.08241704","7.08368249","bid","2017-10-05 12:42:37"
"BTX","1058","0.08241704","7.08368249","bid","2017-10-05 12:42:42"
"BTX","1059","0.08241704","7.08368249","bid","2017-10-05 12:42:46"
"BTX","1060","0.08241704","7.08368249","bid","2017-10-05 12:42:50"
"BTX","1061","0.08241704","14.46786458","bid","2017-10-05 12:42:54"
"BTX","1062","0.08242200","18.42280000","bid","2017-10-05 12:42:59"
"BTX","1063","0.08250000","1.17289194","bid","2017-10-05 12:43:04"
"BTX","1064","0.08250000","1.17289194","bid","2017-10-05 12:43:08"
"BTX","1065","0.08250000","1.17289194","bid","2017-10-05 12:43:12"
"BTX","1066","0.08250000","1.17289194","bid","2017-10-05 12:43:17"
"BTX","1067","0.08250000","1.17289194","bid","2017-10-05 12:43:21"
"BTX","1068","0.08250000","1.17289194","bid","2017-10-05 12:43:25"
"BTX","1069","0.08250000","1.17289194","bid","2017-10-05 12:43:29"
"BTX","1070","0.08250000","1.17289194","bid","2017-10-05 12:43:33"
"BTX","1071","0.08250000","1.17289194","bid","2017-10-05 12:43:38"
"BTX","1072","0.08250000","1.17289194","bid","2017-10-05 12:43:43"
"BTX","1073","0.08250000","1.17289194","bid","2017-10-05 12:43:48"
"BTX","1074","0.08250000","1.17289194","bid","2017-10-05 12:43:51"
"BTX","1075","0.08250000","1.17289194","bid","2017-10-05 12:43:56"
"BTX","1076","0.08250010","0.10000000","bid","2017-10-05 12:44:00"
"BTX","1077","0.08250010","0.10000000","bid","2017-10-05 12:44:05"
"BTX","1078","0.08250010","0.10000000","bid","2017-10-05 12:44:08"
"BTX","1079","0.08250010","0.10000000","bid","2017-10-05 12:44:13"
"BTX","1080","0.08250010","0.10000000","bid","2017-10-05 12:44:17"
"BTX","1081","0.08250010","0.10000000","bid","2017-10-05 12:44:21"
"BTX","1082","0.08250010","2.78879341","bid","2017-10-05 12:44:26"
"BTX","1083","0.08250010","2.78879341","bid","2017-10-05 12:44:35"
"BTX","1084","0.08250010","2.78879341","bid","2017-10-05 12:44:39"
"BTX","1085","0.08250011","0.05115052","bid","2017-10-05 12:44:43"
"BTX","1086","0.08250020","1.17288909","bid","2017-10-05 12:44:48"
"BTX","1087","0.08250020","1.17288909","bid","2017-10-05 12:44:51"
"BTX","1088","0.08250020","1.17288909","bid","2017-10-05 12:45:00"
"BTX","1089","0.08250020","1.17288909","bid","2017-10-05 12:45:05"
"BTX","1090","0.08250020","1.12388909","bid","2017-10-05 12:45:09"
"BTX","1091","0.08250021","1.50367253","bid","2017-10-05 12:45:13"
"BTX","1092","0.08250022","4.94000000","bid","2017-10-05 12:45:17"
"BTX","1093","0.08250022","4.94000000","bid","2017-10-05 12:45:22"
"BTX","1094","0.08250023","4.65200000","bid","2017-10-05 12:45:25"
"BTX","1095","0.08250026","8.22700000","bid","2017-10-05 12:45:29"
"BTX","1096","0.08250020","1.12388909","bid","2017-10-05 12:45:34"
"BTX","1097","0.08250020","1.12388909","bid","2017-10-05 12:45:43"
"BTX","1098","0.08250020","1.12388909","bid","2017-10-05 12:45:48"
"BTX","1099","0.08250020","1.12388909","bid","2017-10-05 12:45:54"
"BTX","1100","0.08250020","1.12388909","bid","2017-10-05 12:45:58"
"BTX","1101","0.08250020","1.12388909","bid","2017-10-05 12:46:01"
"BTX","1102","0.08250020","1.12388909","bid","2017-10-05 12:46:06"
"BTX","1103","0.08250020","1.12388909","bid","2017-10-05 12:46:10"
"BTX","1104","0.08250020","1.12388909","bid","2017-10-05 12:46:14"
"BTX","1105","0.08250020","1.12388909","bid","2017-10-05 12:46:20"
"BTX","1106","0.08250020","1.12388909","bid","2017-10-05 12:46:24"
"BTX","1107","0.08270000","0.02500000","bid","2017-10-05 12:46:28"
"BTX","1108","0.08270000","0.02500000","bid","2017-10-05 12:46:33"
"BTX","1109","0.08270000","0.02500000","bid","2017-10-05 12:46:37"
"BTX","1110","0.08270000","0.02500000","bid","2017-10-05 12:46:41"
"BTX","1111","0.08250020","1.12388909","bid","2017-10-05 12:46:46"
"BTX","1112","0.08250020","1.12388909","bid","2017-10-05 12:46:51"
"BTX","1113","0.08250020","1.12388909","bid","2017-10-05 12:46:55"
"BTX","1114","0.08250020","1.12388909","bid","2017-10-05 12:47:00"
"BTX","1115","0.08250020","1.12388909","bid","2017-10-05 12:47:05"
"BTX","1116","0.08250020","1.12388909","bid","2017-10-05 12:47:08"
"BTX","1117","0.08250020","1.12388909","bid","2017-10-05 12:47:13"
"BTX","1118","0.08250020","1.12388909","bid","2017-10-05 12:47:17"
"BTX","1119","0.08250020","1.12388909","bid","2017-10-05 12:47:21"
"BTX","1120","0.08250020","1.12388909","bid","2017-10-05 12:47:25"
"BTX","1121","0.08250020","1.12388909","bid","2017-10-05 12:47:29"
"BTX","1122","0.08250021","15.75000000","bid","2017-10-05 12:47:33"
"BTX","1123","0.08250500","14.26670000","bid","2017-10-05 12:47:36"
"BTX","1124","0.08250500","14.26670000","bid","2017-10-05 12:47:41"
"BTX","1125","0.08250500","14.26670000","bid","2017-10-05 12:47:47"
"BTX","1126","0.08250501","1.51094543","bid","2017-10-05 12:47:52"
"BTX","1127","0.08251000","14.26460000","bid","2017-10-05 12:47:56"
"BTX","1128","0.08251000","14.26460000","bid","2017-10-05 12:48:01"
"BTX","1129","0.08251000","14.26460000","bid","2017-10-05 12:48:06"
"BTX","1130","0.08251002","1.12375583","bid","2017-10-05 12:48:09"
"BTX","1131","0.08251002","1.12375583","bid","2017-10-05 12:48:13"
"BTX","1132","0.08251500","28.01200000","bid","2017-10-05 12:48:17"
"BTX","1133","0.08251500","28.01200000","bid","2017-10-05 12:48:22"
"BTX","1134","0.08251501","15.75000000","bid","2017-10-05 12:48:27"
"BTX","1135","0.08252000","26.30360000","bid","2017-10-05 12:48:31"
"BTX","1136","0.08252500","14.27210000","bid","2017-10-05 12:48:34"
"BTX","1137","0.08252000","14.25910000","bid","2017-10-05 12:48:39"
"BTX","1138","0.08252000","14.25910000","bid","2017-10-05 12:48:43"
"BTX","1139","0.08252000","14.25910000","bid","2017-10-05 12:48:47"
"BTX","1140","0.08252500","7.08368249","bid","2017-10-05 12:48:51"
"BTX","1141","0.08260002","0.06168775","bid","2017-10-05 12:48:56"
"BTX","1142","0.08260500","23.02960000","bid","2017-10-05 12:49:01"
"BTX","1143","0.08260002","0.06168775","bid","2017-10-05 12:49:06"
"BTX","1144","0.08260500","22.89750000","bid","2017-10-05 12:49:10"
"BTX","1145","0.08260002","0.06168775","bid","2017-10-05 12:49:14"
"BTX","1146","0.08252501","0.61960590","bid","2017-10-05 12:49:19"
"BTX","1147","0.08260002","7.36782425","bid","2017-10-05 12:49:23"
"BTX","1148","0.08260002","7.36782425","bid","2017-10-05 12:49:27"
"BTX","1149","0.08260002","7.36782425","bid","2017-10-05 12:49:31"
"BTX","1150","0.08260002","7.36782425","bid","2017-10-05 12:49:36"
"BTX","1151","0.08260002","7.36782425","bid","2017-10-05 12:49:40"
"BTX","1152","0.08260002","7.36782425","bid","2017-10-05 12:49:46"
"BTX","1153","0.08260002","7.36782425","bid","2017-10-05 12:49:51"
"BTX","1154","0.08260002","7.36782425","bid","2017-10-05 12:49:55"
"BTX","1155","0.08260002","7.36782425","bid","2017-10-05 12:49:59"
"BTX","1156","0.08252500","11.18349347","bid","2017-10-05 12:50:03"
"BTX","1157","0.08252500","11.18349347","bid","2017-10-05 12:50:08"
"BTX","1158","0.08252500","7.08368249","bid","2017-10-05 12:50:12"
"BTX","1159","0.08252500","14.45820452","bid","2017-10-05 12:50:18"
"BTX","1160","0.08252500","14.45820452","bid","2017-10-05 12:50:21"
"BTX","1161","0.08252500","14.45820452","bid","2017-10-05 12:50:26"
"BTX","1162","0.08252500","14.45820452","bid","2017-10-05 12:50:30"
"BTX","1163","0.08252500","14.45820452","bid","2017-10-05 12:50:34"
"BTX","1164","0.08252500","14.45820452","bid","2017-10-05 12:50:40"
"BTX","1165","0.08252500","14.45820452","bid","2017-10-05 12:50:43"
"BTX","1166","0.08252500","14.45820452","bid","2017-10-05 12:50:47"
"BTX","1167","0.08252500","14.45820452","bid","2017-10-05 12:50:51"
"BTX","1168","0.08252500","14.45820452","bid","2017-10-05 12:50:57"
"BTX","1169","0.08252500","14.45820452","bid","2017-10-05 12:51:00"
"BTX","1170","0.08252500","14.45820452","bid","2017-10-05 12:51:05"
"BTX","1171","0.08252500","14.45820452","bid","2017-10-05 12:51:10"
"BTX","1172","0.08252500","14.45820452","bid","2017-10-05 12:51:15"
"BTX","1173","0.08252500","14.45820452","bid","2017-10-05 12:51:19"
"BTX","1174","0.08252500","14.45820452","bid","2017-10-05 12:51:23"
"BTX","1175","0.08252500","9.54930474","bid","2017-10-05 12:51:27"
"BTX","1176","0.08252500","9.62957543","bid","2017-10-05 12:51:31"
"BTX","1177","0.08252500","9.62957543","bid","2017-10-05 12:51:36"
"BTX","1178","0.08252500","9.62957543","bid","2017-10-05 12:51:40"
"BTX","1179","0.08252500","9.62957543","bid","2017-10-05 12:51:45"
"BTX","1180","0.08252500","9.62957543","bid","2017-10-05 12:51:50"
"BTX","1181","0.08252500","9.62957543","bid","2017-10-05 12:51:55"
"BTX","1182","0.08252500","2.54589294","bid","2017-10-05 12:51:59"
"BTX","1183","0.08325873","19.47558225","bid","2017-10-05 12:52:04"
"BTX","1184","0.08325873","19.52626671","bid","2017-10-05 12:52:08"
"BTX","1185","0.08325873","19.52626671","bid","2017-10-05 12:52:13"
"BTX","1186","0.08325873","19.52626671","bid","2017-10-05 12:52:17"
"BTX","1187","0.08325873","19.52626671","bid","2017-10-05 12:52:21"
"BTX","1188","0.08325873","17.52626671","bid","2017-10-05 12:52:25"
"BTX","1189","0.08325873","17.52626671","bid","2017-10-05 12:52:29"
"BTX","1190","0.08325873","15.52816671","bid","2017-10-05 12:52:33"
"BTX","1191","0.08325873","13.52816671","bid","2017-10-05 12:52:37"
"BTX","1192","0.08325873","13.52816671","bid","2017-10-05 12:52:42"
"BTX","1193","0.08325873","11.53036671","bid","2017-10-05 12:52:47"
"BTX","1194","0.08325873","11.16429249","bid","2017-10-05 12:52:51"
"BTX","1195","0.08325873","9.16429249","bid","2017-10-05 12:52:55"
"BTX","1196","0.08325873","6.44299801","bid","2017-10-05 12:52:59"
"BTX","1197","0.08325873","6.44299801","bid","2017-10-05 12:53:04"
"BTX","1198","0.08325873","4.44519801","bid","2017-10-05 12:53:09"
"BTX","1199","0.08325873","3.43919801","bid","2017-10-05 12:53:13"
"BTX","1200","0.08325873","3.43919801","bid","2017-10-05 12:53:17"
"BTX","1201","0.08325873","3.43919801","bid","2017-10-05 12:53:22"
"BTX","1202","0.08325873","3.43919801","bid","2017-10-05 12:53:26"
"BTX","1203","0.08325873","3.43919801","bid","2017-10-05 12:53:30"
"BTX","1204","0.08325873","3.43919801","bid","2017-10-05 12:53:34"
"BTX","1205","0.08325873","3.43919801","bid","2017-10-05 12:53:37"
"BTX","1206","0.08325873","3.43919801","bid","2017-10-05 12:53:42"
"BTX","1207","0.08325873","3.43919801","bid","2017-10-05 12:53:48"
"BTX","1208","0.08279394","0.10000000","bid","2017-10-05 12:53:51"
"BTX","1209","0.08279394","0.10000000","bid","2017-10-05 12:53:55"
"BTX","1210","0.08279394","0.10000000","bid","2017-10-05 12:54:00"
"BTX","1211","0.08279900","29.29910000","bid","2017-10-05 12:54:04"
"BTX","1212","0.08279900","29.29910000","bid","2017-10-05 12:54:09"
"BTX","1213","0.08279901","9.13800000","bid","2017-10-05 12:54:14"
"BTX","1214","0.08280900","22.83350000","bid","2017-10-05 12:54:19"
"BTX","1215","0.08280901","4.60500000","bid","2017-10-05 12:54:24"
"BTX","1216","0.08280902","6.59400000","bid","2017-10-05 12:54:28"
"BTX","1217","0.08281401","26.64000000","bid","2017-10-05 12:54:33"
"BTX","1218","0.08281901","34.19800000","bid","2017-10-05 12:54:37"
"BTX","1219","0.08282401","27.99000000","bid","2017-10-05 12:54:41"
"BTX","1220","0.08282901","27.18000000","bid","2017-10-05 12:54:45"
"BTX","1221","0.08282901","27.18000000","bid","2017-10-05 12:54:49"
"BTX","1222","0.08283401","19.06600000","bid","2017-10-05 12:54:53"
"BTX","1223","0.08283401","27.57000000","bid","2017-10-05 12:54:57"
"BTX","1224","0.08283901","29.70000000","bid","2017-10-05 12:55:01"
"BTX","1225","0.08283904","3.91180000","bid","2017-10-05 12:55:05"
"BTX","1226","0.08284401","61.87180000","bid","2017-10-05 12:55:10"
"BTX","1227","0.08285400","28.70090000","bid","2017-10-05 12:55:14"
"BTX","1228","0.08327896","1.20107193","bid","2017-10-05 12:55:19"
"BTX","1229","0.08327896","1.20107193","bid","2017-10-05 12:55:23"
"BTX","1230","0.08327897","8.04700000","bid","2017-10-05 12:55:27"
"BTX","1231","0.08327898","3.47300000","bid","2017-10-05 12:55:32"
"BTX","1232","0.08327898","3.47300000","bid","2017-10-05 12:55:36"
"BTX","1233","0.08358555","0.08134091","bid","2017-10-05 12:55:42"
"BTX","1234","0.08361249","1.16798813","bid","2017-10-05 12:55:47"
"BTX","1235","0.08361249","0.92615016","bid","2017-10-05 12:55:51"
"BTX","1236","0.08361250","1.71795724","bid","2017-10-05 12:55:56"
"BTX","1237","0.08336999","0.12022892","bid","2017-10-05 12:56:02"
"BTX","1238","0.08337001","61.72300000","bid","2017-10-05 12:56:06"
"BTX","1239","0.08361251","1.58065412","bid","2017-10-05 12:56:10"
"BTX","1240","0.08361251","1.58065412","bid","2017-10-05 12:56:14"
"BTX","1241","0.08394996","2.37641566","bid","2017-10-05 12:56:18"
"BTX","1242","0.08394996","2.37641566","bid","2017-10-05 12:56:22"
"BTX","1243","0.08370500","14.08280000","bid","2017-10-05 12:56:26"
"BTX","1244","0.08394996","2.00000000","bid","2017-10-05 12:56:31"
"BTX","1245","0.08394996","2.00000000","bid","2017-10-05 12:56:35"
"BTX","1246","0.08394996","1.79108197","bid","2017-10-05 12:56:41"
"BTX","1247","0.08395000","0.12059050","bid","2017-10-05 12:56:46"
"BTX","1248","0.08395000","2.95887605","bid","2017-10-05 12:56:52"
"BTX","1249","0.08395000","2.83941497","bid","2017-10-05 12:56:56"
"BTX","1250","0.08398000","7.16230000","bid","2017-10-05 12:57:01"
"BTX","1251","0.08400000","77.84293260","bid","2017-10-05 12:57:06"
"BTX","1252","0.08400500","14.03540000","bid","2017-10-05 12:57:10"
"BTX","1253","0.08400500","14.03540000","bid","2017-10-05 12:57:15"
"BTX","1254","0.08410000","52.89913083","bid","2017-10-05 12:57:19"
"BTX","1255","0.08410500","13.82630000","bid","2017-10-05 12:57:24"
"BTX","1256","0.08419000","2.83019446","bid","2017-10-05 12:57:30"
"BTX","1257","0.08419000","2.51764974","bid","2017-10-05 12:57:33"
"BTX","1258","0.08419000","2.52376447","bid","2017-10-05 12:57:37"
"BTX","1259","0.08419000","2.42376447","bid","2017-10-05 12:57:41"
"BTX","1260","0.08419000","2.42376447","bid","2017-10-05 12:57:45"
"BTX","1261","0.08419000","2.34209781","bid","2017-10-05 12:57:52"
"BTX","1262","0.08419000","2.54316248","bid","2017-10-05 12:57:57"
"BTX","1263","0.08419001","0.74867076","bid","2017-10-05 12:58:04"
"BTX","1264","0.08430001","0.74867076","bid","2017-10-05 12:58:08"
"BTX","1265","0.08440000","11.66620434","bid","2017-10-05 12:58:13"
"BTX","1266","0.08440500","13.97460000","bid","2017-10-05 12:58:17"
"BTX","1267","0.08440500","13.08431197","bid","2017-10-05 12:58:22"
"BTX","1268","0.08450000","77.38245841","bid","2017-10-05 12:58:27"
"BTX","1269","0.08450000","62.28105298","bid","2017-10-05 12:58:32"
"BTX","1270","0.08460000","8.54802722","bid","2017-10-05 12:58:36"
"BTX","1271","0.08460000","7.62036423","bid","2017-10-05 12:58:41"
"BTX","1272","0.08460000","97.52045448","bid","2017-10-05 12:58:45"
"BTX","1273","0.08460200","13.83702982","bid","2017-10-05 12:58:50"
"BTX","1274","0.08470000","61.93432185","bid","2017-10-05 12:58:53"
"BTX","1275","0.08470500","13.70970000","bid","2017-10-05 12:58:58"
"BTX","1276","0.08470500","13.31970000","bid","2017-10-05 12:59:02"
"BTX","1277","0.08470500","13.21970000","bid","2017-10-05 12:59:06"
"BTX","1278","0.08500000","59.40388316","bid","2017-10-05 12:59:11"
"BTX","1279","0.08500000","70.22084360","bid","2017-10-05 12:59:16"
"BTX","1280","0.08535999","0.19086353","bid","2017-10-05 12:59:20"
"BTX","1281","0.08500000","70.14160389","bid","2017-10-05 12:59:24"
"BTX","1282","0.08500000","69.85074036","bid","2017-10-05 12:59:28"
"BTX","1283","0.08500500","13.79640744","bid","2017-10-05 12:59:34"
"BTX","1284","0.08538145","0.06216141","bid","2017-10-05 12:59:38"
"BTX","1285","0.08500000","12.12175513","bid","2017-10-05 12:59:43"
"BTX","1286","0.08535999","16.38388379","bid","2017-10-05 12:59:47"
"BTX","1287","0.08535999","5.01015754","bid","2017-10-05 12:59:51"
"BTX","1288","0.08535999","4.57847508","bid","2017-10-05 12:59:55"
"BTX","1289","0.08535999","5.86563933","bid","2017-10-05 12:59:59"
"BTX","1290","0.08535999","1.93913200","bid","2017-10-05 13:00:04"
"BTX","1291","0.08535999","1.69026368","bid","2017-10-05 13:00:08"
"BTX","1292","0.08530000","57.90156781","bid","2017-10-05 13:00:13"
"BTX","1293","0.08535999","0.36417725","bid","2017-10-05 13:00:18"
"BTX","1294","0.08550000","0.14796892","bid","2017-10-05 13:00:22"
"BTX","1295","0.08514100","13.86190000","bid","2017-10-05 13:00:31"
"BTX","1296","0.08514100","13.86190000","bid","2017-10-05 13:00:35"
"BTX","1297","0.08501000","13.84990000","bid","2017-10-05 13:00:41"
"BTX","1298","0.08501000","13.84282591","bid","2017-10-05 13:00:45"
"BTX","1299","0.08500500","13.84530000","bid","2017-10-05 13:00:49"
"BTX","1300","0.08500500","13.84530000","bid","2017-10-05 13:00:53"
"BTX","1301","0.08500500","13.84530000","bid","2017-10-05 13:00:58"
"BTX","1302","0.08500500","13.78550034","bid","2017-10-05 13:01:03"
"BTX","1303","0.08500500","13.78550034","bid","2017-10-05 13:01:08"
"BTX","1304","0.08500501","7.28600000","bid","2017-10-05 13:01:16"
"BTX","1305","0.08500501","6.05400000","bid","2017-10-05 13:01:20"
"BTX","1306","0.08500500","13.78550034","bid","2017-10-05 13:01:25"
"BTX","1307","0.08506098","0.10000000","bid","2017-10-05 13:01:29"
"BTX","1308","0.08506098","0.08228201","bid","2017-10-05 13:01:34"
"BTX","1309","0.08500500","13.78550034","bid","2017-10-05 13:01:38"
"BTX","1310","0.08515276","21.83519524","bid","2017-10-05 13:01:42"
"BTX","1311","0.08515276","45.26367836","bid","2017-10-05 13:01:46"
"BTX","1312","0.08516300","12.94724035","bid","2017-10-05 13:01:51"
"BTX","1313","0.08516300","12.11001013","bid","2017-10-05 13:01:55"
"BTX","1314","0.08515800","15.16640000","bid","2017-10-05 13:01:59"
"BTX","1315","0.08515800","15.16640000","bid","2017-10-05 13:02:04"
"BTX","1316","0.08515800","15.16640000","bid","2017-10-05 13:02:08"
"BTX","1317","0.08515800","18.71243669","bid","2017-10-05 13:02:12"
"BTX","1318","0.08540899","0.03153392","bid","2017-10-05 13:02:16"
"BTX","1319","0.08540899","0.58622639","bid","2017-10-05 13:02:20"
"BTX","1320","0.08540899","0.58622639","bid","2017-10-05 13:02:24"
"BTX","1321","0.08540899","0.58622639","bid","2017-10-05 13:02:28"
"BTX","1322","0.08540899","0.58622639","bid","2017-10-05 13:02:32"
"BTX","1323","0.08540899","0.58622639","bid","2017-10-05 13:02:38"
"BTX","1324","0.08540899","0.58622639","bid","2017-10-05 13:02:43"
"BTX","1325","0.08570000","0.00849332","bid","2017-10-05 13:02:47"
"BTX","1326","0.08570000","0.00849332","bid","2017-10-05 13:02:52"
"BTX","1327","0.08570100","0.46673025","bid","2017-10-05 13:02:57"
"BTX","1328","0.08570000","1.62197273","bid","2017-10-05 13:03:01"
"BTX","1329","0.08570000","1.53477745","bid","2017-10-05 13:03:05"
"BTX","1330","0.08599999","1.67621756","bid","2017-10-05 13:03:10"
"BTX","1331","0.08570000","1.49162531","bid","2017-10-05 13:03:15"
"BTX","1332","0.08570000","1.19731598","bid","2017-10-05 13:03:19"
"BTX","1333","0.08599999","13.21168776","bid","2017-10-05 13:03:24"
"BTX","1334","0.08583800","13.75290000","bid","2017-10-05 13:03:28"
"BTX","1335","0.08600000","0.30633510","bid","2017-10-05 13:03:32"
"BTX","1336","0.08599999","0.23290880","bid","2017-10-05 13:03:36"
"BTX","1337","0.08570000","1.80387703","bid","2017-10-05 13:03:40"
"BTX","1338","0.08609994","1.43262967","bid","2017-10-05 13:03:45"
"BTX","1339","0.08570000","1.15778255","bid","2017-10-05 13:03:52"
"BTX","1340","0.08570000","1.12150686","bid","2017-10-05 13:03:57"
"BTX","1341","0.08609994","2.84116432","bid","2017-10-05 13:04:02"
"BTX","1342","0.08609994","0.14396432","bid","2017-10-05 13:04:06"
"BTX","1343","0.08611369","0.30490951","bid","2017-10-05 13:04:11"
"BTX","1344","0.08570001","14.56875000","bid","2017-10-05 13:04:15"
"BTX","1345","0.08570001","14.56875000","bid","2017-10-05 13:04:19"
"BTX","1346","0.08571000","13.76880000","bid","2017-10-05 13:04:23"
"BTX","1347","0.08570500","13.75800000","bid","2017-10-05 13:04:28"
"BTX","1348","0.08570500","13.75800000","bid","2017-10-05 13:04:33"
"BTX","1349","0.08570500","13.75800000","bid","2017-10-05 13:04:37"
"BTX","1350","0.08575000","51.88124668","bid","2017-10-05 13:04:41"
"BTX","1351","0.08575000","51.88124668","bid","2017-10-05 13:04:45"
"BTX","1352","0.08575000","51.29767669","bid","2017-10-05 13:04:48"
"BTX","1353","0.08575500","13.74500000","bid","2017-10-05 13:04:53"
"BTX","1354","0.08575500","13.74500000","bid","2017-10-05 13:04:57"
"BTX","1355","0.08575500","13.59922697","bid","2017-10-05 13:05:02"
"BTX","1356","0.08580000","58.37474993","bid","2017-10-05 13:05:08"
"BTX","1357","0.08580000","58.37474993","bid","2017-10-05 13:05:13"
"BTX","1358","0.08580001","0.01129754","bid","2017-10-05 13:05:18"
"BTX","1359","0.08585000","43.54392776","bid","2017-10-05 13:05:23"
"BTX","1360","0.08585000","37.27149105","bid","2017-10-05 13:05:27"
"BTX","1361","0.08585000","37.27149105","bid","2017-10-05 13:05:31"
"BTX","1362","0.08585001","0.01129754","bid","2017-10-05 13:05:36"
"BTX","1363","0.08585001","1.40275940","bid","2017-10-05 13:05:40"
"BTX","1364","0.08585001","1.40275940","bid","2017-10-05 13:05:44"
"BTX","1365","0.08580000","34.55871805","bid","2017-10-05 13:05:48"
"BTX","1366","0.08580000","34.55871805","bid","2017-10-05 13:05:52"
"BTX","1367","0.08595000","2.23005180","bid","2017-10-05 13:05:56"
"BTX","1368","0.08580000","25.66867485","bid","2017-10-05 13:06:00"
"BTX","1369","0.08580000","5.66867485","bid","2017-10-05 13:06:05"
"BTX","1370","0.08587100","0.51275480","bid","2017-10-05 13:06:12"
"BTX","1371","0.08580000","10.52005133","bid","2017-10-05 13:06:16"
"BTX","1372","0.08580500","11.82100000","bid","2017-10-05 13:06:21"
"BTX","1373","0.08580000","8.86884261","bid","2017-10-05 13:06:25"
"BTX","1374","0.08580000","2.76604740","bid","2017-10-05 13:06:31"
"BTX","1375","0.08580000","2.76604740","bid","2017-10-05 13:06:36"
"BTX","1376","0.08580000","1.76117840","bid","2017-10-05 13:06:41"
"BTX","1377","0.08580000","0.13087840","bid","2017-10-05 13:06:45"
"BTX","1378","0.08557211","0.10000000","bid","2017-10-05 13:06:49"
"BTX","1379","0.08557211","0.10000000","bid","2017-10-05 13:06:58"
"BTX","1380","0.08557211","0.10000000","bid","2017-10-05 13:07:03"
"BTX","1381","0.08557211","0.10000000","bid","2017-10-05 13:07:07"
"BTX","1382","0.08543900","14.84520000","bid","2017-10-05 13:07:12"
"BTX","1383","0.08543900","14.84520000","bid","2017-10-05 13:07:16"
"BTX","1384","0.08540899","0.39428231","bid","2017-10-05 13:07:20"
"BTX","1385","0.08540899","0.39428231","bid","2017-10-05 13:07:30"
"BTX","1386","0.08540899","0.39428231","bid","2017-10-05 13:07:35"
"BTX","1387","0.08540899","1.61485484","bid","2017-10-05 13:07:42"
"BTX","1388","0.08540899","1.61485484","bid","2017-10-05 13:07:47"
"BTX","1389","0.08517101","10.48684218","bid","2017-10-05 13:07:52"
"BTX","1390","0.08517101","10.48684218","bid","2017-10-05 13:07:56"
"BTX","1391","0.08517101","10.48684218","bid","2017-10-05 13:08:00"
"BTX","1392","0.08517101","10.48684218","bid","2017-10-05 13:08:06"
"BTX","1393","0.08516137","0.01000000","bid","2017-10-05 13:08:10"
"BTX","1394","0.08517102","10.48684200","bid","2017-10-05 13:08:14"
"BTX","1395","0.08517102","10.48684200","bid","2017-10-05 13:08:18"
"BTX","1396","0.08517600","13.81670000","bid","2017-10-05 13:08:22"
"BTX","1397","0.08517600","13.81670000","bid","2017-10-05 13:08:27"
"BTX","1398","0.08517600","13.81670000","bid","2017-10-05 13:08:31"
"BTX","1399","0.08517601","10.48684200","bid","2017-10-05 13:08:36"
"BTX","1400","0.08520500","13.83840000","bid","2017-10-05 13:08:46"
"BTX","1401","0.08520500","13.83840000","bid","2017-10-05 13:08:50"
"BTX","1402","0.08557200","0.19310703","bid","2017-10-05 13:08:56"
"BTX","1403","0.08557200","0.19310703","bid","2017-10-05 13:09:02"
"BTX","1404","0.08557200","0.01931071","bid","2017-10-05 13:09:09"
"BTX","1405","0.08521000","13.80440000","bid","2017-10-05 13:09:17"
"BTX","1406","0.08521000","13.80440000","bid","2017-10-05 13:09:25"
"BTX","1407","0.08521000","13.80440000","bid","2017-10-05 13:09:30"
"BTX","1408","0.08521000","13.80440000","bid","2017-10-05 13:09:37"
"BTX","1409","0.08521001","10.48684200","bid","2017-10-05 13:09:43"
"BTX","1410","0.08521500","13.79650000","bid","2017-10-05 13:09:48"
"BTX","1411","0.08521500","16.61644099","bid","2017-10-05 13:09:51"
"BTX","1412","0.08521500","16.61644099","bid","2017-10-05 13:09:55"
"BTX","1413","0.08521500","16.61644099","bid","2017-10-05 13:09:59"
"BTX","1414","0.08521500","16.61644099","bid","2017-10-05 13:10:03"
"BTX","1415","0.08521500","16.61644099","bid","2017-10-05 13:10:08"
"BTX","1416","0.08521500","16.61644099","bid","2017-10-05 13:10:13"
"BTX","1417","0.08521501","10.48684200","bid","2017-10-05 13:10:18"
"BTX","1418","0.08522000","13.06793596","bid","2017-10-05 13:10:24"
"BTX","1419","0.08521501","10.48684200","bid","2017-10-05 13:10:28"
"BTX","1420","0.08521502","58.52893093","bid","2017-10-05 13:10:33"
"BTX","1421","0.08521502","58.52893093","bid","2017-10-05 13:10:41"
"BTX","1422","0.08522500","13.79740000","bid","2017-10-05 13:10:45"
"BTX","1423","0.08522500","13.79740000","bid","2017-10-05 13:10:49"
"BTX","1424","0.08522500","13.79740000","bid","2017-10-05 13:10:54"
"BTX","1425","0.08522500","13.79740000","bid","2017-10-05 13:10:57"
"BTX","1426","0.08522500","13.79740000","bid","2017-10-05 13:11:01"
"BTX","1427","0.08522500","13.79740000","bid","2017-10-05 13:11:05"
"BTX","1428","0.08523000","0.02500000","bid","2017-10-05 13:11:09"
"BTX","1429","0.08523000","0.02500000","bid","2017-10-05 13:11:14"
"BTX","1430","0.08524000","0.02500000","bid","2017-10-05 13:11:18"
"BTX","1431","0.08525000","0.02500000","bid","2017-10-05 13:11:22"
"BTX","1432","0.08525000","0.02500000","bid","2017-10-05 13:11:26"
"BTX","1433","0.08525100","0.02500000","bid","2017-10-05 13:11:30"
"BTX","1434","0.08523000","0.77585080","bid","2017-10-05 13:11:34"
"BTX","1435","0.08523000","0.77585080","bid","2017-10-05 13:11:39"
"BTX","1436","0.08522600","17.31889417","bid","2017-10-05 13:11:49"
"BTX","1437","0.08522600","3.37230041","bid","2017-10-05 13:11:55"
"BTX","1438","0.08522550","71.93495995","bid","2017-10-05 13:11:59"
"BTX","1439","0.08522700","0.02500000","bid","2017-10-05 13:12:05"
"BTX","1440","0.08523000","0.07760997","bid","2017-10-05 13:12:10"
"BTX","1441","0.08523000","0.07760997","bid","2017-10-05 13:12:14"
"BTX","1442","0.08523000","0.07760997","bid","2017-10-05 13:12:19"
"BTX","1443","0.08523000","0.07760997","bid","2017-10-05 13:12:24"
"BTX","1444","0.08522810","0.02500000","bid","2017-10-05 13:12:30"
"BTX","1445","0.08522812","0.02500000","bid","2017-10-05 13:12:39"
"BTX","1446","0.08522812","0.02500000","bid","2017-10-05 13:12:43"
"BTX","1447","0.08522813","0.02500000","bid","2017-10-05 13:12:47"
"BTX","1448","0.08522815","0.02500000","bid","2017-10-05 13:12:56"
"BTX","1449","0.08522900","13.14325202","bid","2017-10-05 13:13:00"
"BTX","1450","0.08522900","13.14325202","bid","2017-10-05 13:13:05"
"BTX","1451","0.08523000","65.98149408","bid","2017-10-05 13:13:12"
"BTX","1452","0.08523000","66.43649112","bid","2017-10-05 13:13:17"
"BTX","1453","0.08523000","66.43649112","bid","2017-10-05 13:13:21"
"BTX","1454","0.08523000","65.93649112","bid","2017-10-05 13:13:25"
"BTX","1455","0.08523000","65.93649112","bid","2017-10-05 13:13:31"
"BTX","1456","0.08523000","66.13088775","bid","2017-10-05 13:13:36"
"BTX","1457","0.08523000","66.13088775","bid","2017-10-05 13:13:39"
"BTX","1458","0.08523000","68.82949693","bid","2017-10-05 13:13:44"
"BTX","1459","0.08523000","68.82949693","bid","2017-10-05 13:13:48"
"BTX","1460","0.08523000","68.82730009","bid","2017-10-05 13:13:52"
"BTX","1461","0.08523000","68.82730009","bid","2017-10-05 13:13:57"
"BTX","1462","0.08523000","64.83924582","bid","2017-10-05 13:14:01"
"BTX","1463","0.08523000","64.37947574","bid","2017-10-05 13:14:06"
"BTX","1464","0.08523000","67.62085310","bid","2017-10-05 13:14:11"
"BTX","1465","0.08523000","67.62085310","bid","2017-10-05 13:14:16"
"BTX","1466","0.08523000","67.51876251","bid","2017-10-05 13:14:21"
"BTX","1467","0.08523000","67.51876251","bid","2017-10-05 13:14:25"
"BTX","1468","0.08523000","67.43080840","bid","2017-10-05 13:14:29"
"BTX","1469","0.08523000","68.34400882","bid","2017-10-05 13:14:34"
"BTX","1470","0.08523000","68.34400882","bid","2017-10-05 13:14:38"
"BTX","1471","0.08523000","68.34400882","bid","2017-10-05 13:14:43"
"BTX","1472","0.08523000","68.34400882","bid","2017-10-05 13:14:46"
"BTX","1473","0.08523000","68.34400882","bid","2017-10-05 13:14:50"
"BTX","1474","0.08523000","4.34897441","bid","2017-10-05 13:14:54"
"BTX","1475","0.08523001","8.36814354","bid","2017-10-05 13:14:58"
"BTX","1476","0.08523001","8.36814354","bid","2017-10-05 13:15:03"
"BTX","1477","0.08523001","8.36814354","bid","2017-10-05 13:15:08"
"BTX","1478","0.08523001","8.36814354","bid","2017-10-05 13:15:13"
"BTX","1479","0.08523001","8.36814354","bid","2017-10-05 13:15:17"
